1954 3041
191 173 244 200 9Ί9

496 171 525 199 5.
546 171 729 199 ATHANASII
749 171 825 200 ΟΡΡ.
846 171 936 199 PARS
954 171 973 198 Ι.
992 186 1025 191 ——
1043 157 1226 198 HlSTOlilCA
1247 169 1289 196 ET
1310 168 1521 197 DOGMATICA.

1755 165 1808 194 980

191 229 301 256 consilio
327 229 466 264 impiorum
479 229 520 255 “'3
536 228 613 262 Quod
630 229 652 257 si
671 229 767 258 beatus
781 235 822 258 est
835 229 882 265 qui
899 231 967 258 time!

1031 228 1099 255 Ἀλλ’
1119 230 1142 255 εί
1168 228 1299 264 μακάριός
1316 229 1389 254 ἐστιν
1411 229 1425 254 ὁ
1446 226 1609 262 φοϐούμενος
1630 225 1676 252 τδν
1695 223 1807 261 Κύριον·

191 275 349 306 Dominum,
366 283 438 302 nunc
458 279 531 302 certe
553 275 665 302 ﬁdenter
686 277 794 303 beatum
814 276 891 303 illum
905 276 974 304 dici-

191 328 263 352 mus,
277 327 338 348 cum
354 321 457 355 absque
475 321 530 348 ulla
553 321 720 349 dubitatione
735 322 864 354 sciamus,
879 321 975 357 appul-

191 375 251 395 sum
274 367 349 394 illum
375 367 454 402 quasi
476 367 510 394 ad
532 372 658 402 portum,
679 368 733 403 jam
758 368 831 396 curis
848 369 975 396 omnibus

190 420 274 440 vacua
295 412 348 440 frui
368 413 433 440 vita.
454 412 561 441 Utinam
586 413 684 448 cuique
707 418 831 441 nostrum
857 414 974 448 idipsum

189 457 362 493 contigisset!
389 458 494 486 utinam
513 458 638 494 quisquis
664 459 758 492 currit,
783 463 837 486 tam
861 459 975 487 feliciter

189 503 316 532 advenire
334 505 434 540 possit!
459 505 562 532 utinam
586 505 710 540 quisquis
736 506 853 541 navigat,
878 513 974 533 navem

189 551 275 584 possit
290 558 368 578 suam
382 549 415 577 ad
431 551 605 586 tranquillum
621 553 744 580 eumdem
760 557 868 587 portum
883 552 975 587 appel-

189 597 262 628 lere,
283 602 312 624 ut
331 598 474 632 quiescens
493 605 555 625 cum
575 597 702 625 Patribus
724 598 816 626 dicat:
837 597 888 624 Hic
900 598 974 625 habi-

190 642 391 677 tabo,quom‘am
404 643 468 679 elegi
480 651 538 670 eam
547 643 584 669 ’τι
596 643 785 677 Quamobrem,
794 644 883 671 dilecti
897 649 974 679 opta-

189 687 342 722 tissimique
361 688 468 721 fratres,
486 696 520 716 ne
534 688 596 716 ﬂete
616 688 788 716 Theodorum
806 699 812 716 :
827 697 881 716 non
898 697 973 716 mor-

190 737 253 760 tuus
265 734 365 768 quippe
385 738 437 766 est,
455 735 502 762 sed
516 734 626 761 dormit.
640 733 679 762 Ne
700 735 763 770 quis
777 735 849 763 illius
870 742 974 762 memor

190 778 363 814 lacrymetur,
387 779 434 807 sed
458 780 517 815 ejus
540 780 660 808 imitetur
680 781 773 808 vitam.
797 781 972 817 Nequaquam

189 823 335 859 lugendum
359 823 496 852 hominem
521 824 568 859 qui
595 825 628 852 ad
654 825 743 852 locum
769 825 858 853 luctus
883 827 972 854 omnis

187 872 324 902 expertem
340 868 478 902 profectus
491 873 542 897 est.
558 868 620 897 llaec
639 870 716 897 vobis
730 878 783 898 una
797 870 903 906 scripsi,
923 871 971 898 sed

1025 275 1072 302 νῦν
1084 274 1138 310 γὰρ
1155 275 1315 311 μακαρίζειν
1337 274 1554 310 τεθαῤῥήκαμεν,
1575 273 1680 308 ἔχοντες
1701 272 1808 307 ἀσφαλῆ

1024 323 1070 348 τὸν
1086 322 1174 355 λόγον,
1196 321 1247 353 ὅτι,
1266 321 1436 356 καταντήσας
1450 320 1543 355 ὥσπερ
1562 320 1601 351 εἰς
1622 319 1727 354 λιμένα,
1741 319 1809 353 ἀμέ-

1025 375 1120 404 ριμνον
1141 367 1197 402 βίον
1213 367 1276 402 ἔχει.
1297 367 1357 393 Εἴθε
1382 367 1428 393 καὶ
1444 368 1486 400 ἐφ’
1501 365 1615 392 ἑκάστου
1636 365 1712 400 ἡμῶν
1730 364 1808 391 τοῦτο

1024 412 1153 447 ἔφθανενί
1175 412 1230 448 εἴθε
1246 413 1348 448 τρέχων
1368 412 1482 444 ἕκαστος
1495 411 1580 443 οὕτως
1596 412 1786 446 καταντήσειεν
1799 411 1805 436 !

1024 458 1079 484 εἴθε
1091 458 1178 485 πλέων
1186 459 1298 490 ἕκαστος
1310 458 1508 494 προσορμήσειε
1520 457 1586 492 (24⁸)
1594 457 1624 483 τὸ
1633 457 1697 483 ἴδιον
1707 457 1809 490 σκάφος

1024 503 1093 538 πρὸς
1112 503 1157 529 τὸν
1171 502 1335 539 ἀχείμαπον
1350 503 1408 529 ἐκεῖ
1423 502 1528 537 λιμένα,
1546 501 1589 528 ἵνα
1606 500 1674 535 μετὰ
1689 500 1742 526 τῶν
1755 508 1809 526 πα-

1024 548 1111 583 τέρων
1137 549 1341 584 ἀναπαυόμενος
1359 548 1424 584 λέγῃ
1437 556 1443 563 ·
1464 545 1533 574 Ὧδε
1555 547 1737 580 κατοικήσω,
1763 546 1808 573 ὅτι

1024 595 1136 629 ᾑρέθην
1149 594 1261 628 αὑτήν]
1275 594 1388 626 Οὐκοῦν,
1410 594 1546 630 ἀγαπητοὶ
1560 594 1606 620 καὶ
1627 593 1810 620 ποθεινότατοι

1023 640 1148 674 ἀδελφοὶ,
1172 640 1209 675 μὴ
1234 639 1340 666 κλαίετε
1363 639 1508 674 Θεόδωρον
1531 639 1560 664 οὐ
1586 637 1641 674 γὰρ
1663 637 1808 671 ἀπέθανεν,

1023 685 1092 711 ἀλλὰ
1109 685 1242 711 καθεύδει.
1262 684 1307 720 Μὴ
1320 684 1460 720 δακρυέτω
1474 693 1515 716 τις
1531 683 1704 719 μνημονεύων
1716 683 1808 716 αὐτοῦ,

1024 729 1091 757 ἀλλὰ
1115 730 1236 765 ζηλούτω
1256 730 1300 756 τὸν
1323 729 1379 764 βίον
1403 729 1493 756 αὐτοῦ.
1518 730 1556 756 Οὐ
1572 729 1619 764 ιδεϊ
1637 729 1689 766 γὰρ
1706 729 1752 756 ἐπὶ
1769 730 1810 765 τῷ

1023 775 1166 802 ἀπελθόντι
1189 776 1229 806 είς
1249 775 1295 802 τὸν
1317 775 1417 802 ἄλυπον
1437 775 1519 801 τόπον
1540 775 1692 802 λυπεῖσθαι.
1715 775 1810 802 Ταῦτα

1023 821 1050 847 δὲ
1067 823 1141 857 κοινῇ
1160 822 1223 857 ὑμῖν
1240 822 1346 858 γράφω·
1359 821 1502 857 ἐξαιρέτως
1521 821 1549 848 δὲ
1570 822 1627 854 σοὶ,
1647 820 1669 848 ὦ
1684 821 1810 856 ἀγαπητὲ

1024 867 1070 894 καὶ
1087 868 1259 895 ποθεινότατε
1279 867 1395 903 Ὠρσίσιε
1406 887 1413 899 ,
1428 868 1470 894 ἵνα
1480 887 1488 900 ,
1503 867 1679 903 κοιμηθέντος
1693 867 1808 899 ἐκείνου,

187 914 236 941 tibi
260 915 442 948 potissimum,
461 915 558 944 dilecte
582 921 609 943 et
631 916 798 951 optatissime
819 916 922 948 Orsisi,
941 922 967 945 ut

1023 915 1054 941 σὺ
1070 916 1119 950 τὴν
1135 914 1198 950 ὃλην
1211 914 1338 950 φροντίδα
1358 913 1483 949 ἀναδέξῃ·
1499 914 1545 940 καὶ
1563 913 1641 947 γενοῦ
1655 913 1711 940 ἀντ’
1725 913 1808 940 αὐτοῦ

187 967 248 988 cum
262 961 318 995 jam
344 961 388 988 ille
404 961 531 994 dormiat,
553 962 706 990 universam
725 967 752 990 tu
773 971 865 991 curam
881 964 970 991 susci-

186 1005 256 1041 pias,
280 1005 407 1041 illiusque
422 1007 506 1034 vicem
527 1008 598 1042 apud
616 1008 711 1036 fratres
726 1009 860 1044 suppleas.
876 1008 970 1037 Enim-

185 1059 250 1079 vero
266 1052 330 1079 dum
346 1058 500 1087 superesset
515 1054 582 1088 ipse,
596 1055 676 1082 ambo
690 1056 769 1089 quasi
782 1063 853 1083 unus
868 1056 948 1084 eratis
961 1066 968 1083 :

186 1098 325 1133 alteroque
340 1099 529 1133 proticiscente
546 1100 647 1135 aliquo,
663 1101 806 1128 amborum
821 1105 910 1129 tamen
928 1101 970 1129 oi-

186 1144 277 1172 flcium
292 1144 473 1179 implebatur:
489 1145 595 1173 duobus
612 1145 676 1173 item
692 1146 881 1180 praesentibus,
893 1147 972 1182 quasi

185 1195 257 1216 unus
270 1188 400 1220 fuissetis,
417 1189 522 1218 dilectis
540 1190 615 1217 utilia
636 1190 829 1225 loquebamini.
851 1191 906 1219 llac
922 1199 972 1227 age

186 1234 300 1266 ratione,
323 1239 403 1269 atque
426 1235 461 1262 ita
487 1240 513 1262 te
534 1243 629 1270 gerens
642 1236 770 1268 rescribe,
787 1237 919 1272 nobisque
932 1237 971 1265 si—

185 1279 293 1314 gniﬁca,
310 1288 370 1314 qua:
393 1285 465 1308 tuam
490 1280 660 1317 fratrumque
684 1287 808 1317 spectant
828 1283 971 1312 incolumi-

185 1328 277 1351 tatem.
293 1323 393 1353 Omnes
417 1329 506 1354 autem
531 1334 602 1360 una,
616 1334 692 1362 rogo,
705 1329 863 1362 precaminl,
878 1334 907 1356 ut
922 1337 969 1364 pa-

185 1375 244 1395 cem
260 1369 347 1404 magis
364 1370 504 1405 magisque
529 1369 660 1398 Dominus
681 1371 810 1400 Ecclesiis
826 1373 967 1408 largiatur.

184 1414 275 1443 Licuit
285 1415 357 1443 enim
373 1416 454 1443 etiam
468 1424 554 1451 nuper
568 1417 646 1445 nobis
660 1417 764 1446 Pascha
779 1418 968 1447 Peutecosten-

183 1467 236 1498 que
252 1468 314 1489 cum
338 1461 430 1491 laetitia
450 1461 606 1489 celebrare:
627 1470 658 1490 ac
678 1471 850 1499 summopere
864 1465 897 1492 de
913 1465 966 1493 Do-

184 1507 250 1535 mini
276 1507 413 1535 beneticiis
436 1507 595 1542 gaudemus.
615 1508 677 1537 Hazc
703 1510 862 1544 scripsimus
878 1511 965 1539 vobis.

1020 961 1079 991 τοῖς
1094 959 1226 994 ἀδελφοῖς.
1242 959 1296 986 Καὶ
1307 959 1361 994 γὰρ
1376 959 1514 994 περιόντος
1527 958 1642 990 ἐκείνου,
1658 958 1808 994 ἀμφότεροι

1021 1005 1059 1037 ὡς
1083 1002 1122 1037 εἷς
1138 1005 1309 1043 ὲτυγχάνετε”
1336 1005 1383 1030 καὶ
1407 1004 1465 1035 ἐνὸς
1487 1004 1704 1040 ἀποδημοῦντος,
1721 1004 1808 1040 ἐπλη-

1023 1051 1100 1087 ροῦτο
1113 1052 1129 1086 ή
1147 1050 1200 1077 τῶν
1214 1050 1259 1076 δύο
1272 1050 1360 1085 χρεία,
1374 1050 1420 1076 καὶ
1433 1049 1486 1076 τῶν
1500 1050 1545 1076 δύο
1559 1049 1698 1086 παρόντων
1713 1050 1751 1082 ὡς
1766 1047 1809 1082 εἷς

1022 1096 1153 1131 ὲγίνεσθε,
1168 1098 1223 1128 τοῖς
1239 1097 1389 1132 ἀγαπητοῖς
1405 1095 1439 1122 τὰ
1451 1095 1517 1131 πρὸς
1533 1096 1665 1130 ὠφέλειαν
1681 1095 1807 1131 ὁμιλοῦν-

1021 1152 1076 1175 τες.
1085 1142 1176 1174 Οὕτως
1185 1140 1231 1169 οὖν
1240 1142 1353 1178 πρᾶττε.
1370 1140 1441 1168 οὕτω
1449 1142 1532 1168 ποιῶν
1538 1141 1626 1177 γράφε
1635 1142 1681 1168 καὶ
1691 1142 1808 1177 σήμαινε

1022 1190 1087 1225 ἡμῖν
1106 1189 1170 1224 περὶ
1191 1189 1241 1224 τῆς
1255 1187 1367 1215 σεαυτοῦ
1391 1188 1501 1223 καὶτῆς
1526 1188 1701 1224 ἀδελφότητος
1716 1197 1807 1225 σωτη-

1023 1235 1093 1271 ρίας.
1104 1235 1158 1262 Καὶ
1171 1234 1281 1270 εὔχεσθε
1291 1235 1379 1269 (24“),
1390 1234 1550 1270 παρακαλῶ,
1560 1236 1634 1270 κοινῇ
1645 1235 1752 1268 πάντες,
1762 1236 1806 1262 ἵνα

1021 1282 1067 1308 ἐπὶ
1083 1280 1161 1307 πλέον
1179 1281 1290 1316 εἰρήνην
1307 1279 1443 1316 βραϐεύσῃ
1456 1281 1516 1311 ταῖς
1535 1280 1706 1315 Ἐκκλησίαις
1722 1280 1736 1306 ό
1749 1279 1807 1307 Κύ-

1023 1336 1088 1362 ριος.
1104 1328 1158 1353 Καὶ
1173 1327 1226 1362 γὰρ
1243 1327 1290 1353 καὶ
1303 1326 1350 1353 νῦν
1368 1326 1426 1362 μετ’
1442 1326 1572 1360 εὐθυμίας
1591 1326 1757 1362 ἐορτάσαμεν
1775 1326 1807 1353 τό

1019 1383 1050 1401 τε
1074 1375 1171 1410 Πάσχα
1190 1374 1237 1400 καὶ
1257 1373 1305 1409 τὴν
1330 1373 1534 1408 Πεντηκοστὴν,
1554 1374 1600 1401 καὶ
1624 1373 1806 1409 εὐφραίνομεν

1020 1421 1066 1446 ἐπὶ
1081 1422 1140 1452 ταῖς
1153 1420 1200 1446 τοῦ
1214 1420 1316 1455 Κυρίου
1337 1419 1516 1455 εὐεργεσίαις.
1541 1419 1713 1454 Ἐγρὰψαμεν
1729 1419 1806 1454 ὑμῖν.

1020 1465 1239 1502 Προσαγορεύετε
1251 1466 1353 1497 πάντας
1367 1466 1429 1498 τοὺς
1442 1465 1624 1500 φοϐουμένους
1635 1465 1680 1492 τὸν
1693 1464 1805 1500 Κύριον.

1020 1512 1270 1548 Προσαγορεύουσιν
1286 1512 1358 1547 ὑμᾶς
1373 1512 1398 1538 οἱ
1415 1512 1463 1538 σὺν
1479 1511 1549 1546 ὲμοί.
1572 1511 1721 1547 Ἐρρὦσθαι
1733 1511 1806 1546 ὑμᾶς

184 1552 305 1583 Salutate
321 1561 415 1581 omnes
429 1554 475 1588 qui
491 1554 586 1582 timent
604 1555 757 1583 Dominum.
770 1555 834 1590 Vos,
845 1557 891 1592 qui
910 1566 967 1585 me-

1021 1560 1048 1585 ὲν
1055 1558 1150 1594 Κυρίῳ
1158 1557 1218 1593 εύχο
1222 1567 1281 1594 μαι,
1290 1557 1425 1593 ἀγαπητοὶ
1433 1558 1479 1584 καὶ
1493 1557 1675 1585 ποθεινότατοι
1684 1557 1803 1591 ἀδελφοί.

182 1606 245 1628 cum
267 1605 330 1632 sunt
345 1602 473 1631 salutant.
492 1601 585 1629 Valere
601 1609 648 1628 vos
663 1602 691 1629 in
712 1601 826 1630 Domino
848 1609 956 1639 exopto,
973 1605 1064 1633 dilecti
1079 1611 1105 1633 et
1115 1604 1277 1640 optatissimi
1294 1604 1402 1632 fratres.

475 1667 652 1697 NARRATlO
672 1670 853 1698 ATHANASII
871 1672 917 1698 AD
937 1672 1121 1701 AMMONIUM
1140 1671 1333 1701 EPISCOPUM
1352 1671 1396 1699 ET
1415 1671 1516 1701 ALIOS

721 1725 753 1744 DE
774 1726 840 1746 FUGA
860 1726 908 1746 SUA
928 1727 975 1747 SUB
993 1728 1102 1748 JULIANO
1121 1728 1258 1752 AUGUSTO.

181 1760 315 1796 Euerpta
327 1769 359 1789 επ
373 1763 514 1797 appendix
528 1764 562 1790 ad
575 1764 642 1792 Acta
654 1763 815 1793 Sanctorum
829 1769 898 1793 ιοιηο
910 1765 962 1794 III
972 1769 1068 1795 mensis
1080 1767 1157 1800 Maii,
1172 1775 1199 1802 ρ.
1214 1766 1244 1793 71
1259 1776 1264 1793 :
1282 1767 1362 1802 digna
1373 1773 1436 1793 sane
1450 1774 1509 1801 qua:
1520 1765 1562 1792 hic
1574 1769 1722 1800 apponatur
1733 1765 1802 1801 (25).

215 1808 348 1836 Caeterum
365 1810 428 1845 quia
445 1811 540 1839 beatus
555 1820 622 1847 papa
643 1812 818 1846 Athanasius,
834 1821 887 1847 me,
905 1821 965 1842 om-

181 1855 256 1882 nium
281 1855 405 1889 minimo,
426 1857 542 1892 aliisque
566 1857 693 1886 Ecclesia:
705 1859 893 1888 Alexandrinae
909 1860 966 1888 cle-

180 1900 246 1928 ricis
267 1902 457 1936 praesentibus,
475 1903 561 1931 beata:
575 1904 714 1932 memoria
733 1905 793 1932 viro
807 1905 964 1938 Ammonio,

180 1945 227 1980 qui
249 1945 300 1973 fuit
313 1946 457 1982 episcopus
474 1946 632 1981 Elearchiae,
647 1954 674 1976 et
686 1947 812 1976 Hermoni
830 1950 966 1978 Bumasti-

180 1998 287 2024 corutn,
315 1991 343 2019 in
367 1991 464 2028 Magna
488 1992 608 2021 Ecclesia
634 1994 668 2021 de
694 1993 836 2022 Theodoro
863 1995 966 2031 aliquid

179 2038 333 2071 enarravit,
359 2039 433 2073 quod
457 2043 531 2066 tuam
556 2039 683 2068 existimo
712 2041 882 2069 sanctitatem
907 2048 965 2070 tum

179 2087 340 2118 praesentem
357 2084 494 2112 audivisse
511 2095 518 2111 :
537 2092 626 2120 opera:
649 2086 761 2120 pretium
784 2087 860 2119 duxi,
875 2092 915 2122 ut,
931 2088 965 2116 ad

180 2129 362 2157 renovandam
379 2133 431 2157 tuae
445 2130 537 2164 pietati
550 2138 643 2158 eorum
664 2132 834 2166 memoriam,
848 2140 879 2160 ea
901 2141 967 2161 con-

179 2174 296 2201 scribam
317 2182 378 2209 qua:
395 2175 502 2202 locutus
518 2180 569 2202 est.
585 2175 653 2203 Cum
675 2177 816 2204 memorati
844 2178 963 2214 episcopi
979 2175 1001 2202 ῐ)

178 2219 286 2247 beatum
313 2221 476 2248 mirarentur
498 2219 644 2248 Antonium
665 2221 743 2257 (nam
764 2230 836 2258 saepe
852 2231 914 2251 cum
928 2232 962 2252 eo

178 2266 275 2301 agebat
286 2267 431 2302 Antonius)
448 2266 507 2294 illos
519 2273 587 2301 papa
601 2267 766 2296 Athanasius
779 2268 817 2296 sic
829 2269 962 2298 allocutus

177 2317 219 2341 est
240 2322 246 2341 :

214 2357 274 2385 Vidi
293 2357 375 2385 etiam
399 2358 566 2393 temporibus
588 2359 662 2387 hisce
684 2367 797 2397 magnos
812 2361 858 2389 Dei
874 2362 962 2390 homi-

177 2411 238 2435 nes,
256 2403 427 2431 Theodorum
444 2403 704 2432 Tabennesiotarum
720 2406 801 2442 695
815 2409 961 2436 monacho-

177 2457 238 2477 rum
269 2449 439 2485 praafectum,
464 2449 627 2486 Patremque
661 2453 855 2481 monachorum
888 2456 961 2483 circa

176 2494 334 2529 Antinoum,
350 2497 393 2523 cui
412 2504 509 2524 nomen
533 2497 615 2524 abbas
628 2496 750 2531 Pammo,
765 2499 812 2534 qui
829 2499 901 2527 haud
923 2500 960 2528 ita

176 2541 278 2575 pridem
292 2541 470 2569 obdormiere.
483 2542 551 2570 Cum
568 2545 639 2573 enim
658 2552 701 2572 me
718 2545 762 2572 illo
777 2550 896 2580 tempore
911 2545 959 2573 Ju-

177 2585 265 2613 lianus
290 2592 508 2622 persequeretur,
534 2592 774 2625 exspectaremque
798 2599 842 2618 me
858 2591 892 2618 ab
912 2591 959 2619 illo

175 2630 391 2659 interﬁciendum
407 2632 474 2666 fore,
491 2634 563 2668 quod
586 2636 706 2669 germani
722 2637 878 2664 nuntiarant
892 2638 959 2665 ami-

176 2675 202 2701 ui
217 2684 222 2701 :
235 2676 290 2704 duo
302 2679 444 2707 memorati
459 2679 638 2715 virilquadam
654 2681 697 2709 die
711 2682 744 2711 ad
757 2691 799 2710 me
811 2683 958 2711 Antinoum

219 2745 242 2760 "
256 2745 328 2774 Psal.
343 2755 362 2779 ι,
382 2748 406 2774 l.
444 2748 466 2764 "
481 2747 552 2776 Psal.
566 2757 657 2781 cxxxt,
670 2749 712 2778 Η.

210 2803 284 2841 (ᾖν)¹
296 2803 385 2841 Eoi-te,
402 2806 602 2841 προσορμίσειε.
616 2807 694 2834 Eutr.

210 2839 397 2882 {géj'LVulgq
408 2839 550 2882 εὔχεσθαι.
566 2846 595 2868 ut
610 2850 683 2882 saepe
695 2850 722 2882 αξ
742 2851 791 2879 pro.
804 2853 826 2882 ς.
842 2844 919 2873 Enn.

210 2875 265 2911 (25)
283 2875 460 2904 Prnuuntiata
476 2882 536 2911 post
553 2875 656 2905 annum
669 2878 730 2905 565.

1058 1814 1166 1851 Ἐπειδὴ
1185 1815 1214 1841 δὲ
1229 1814 1334 1849 φθάσας
1345 1813 1360 1839 ὁ
1374 1813 1506 1851 μακάριος
1524 1812 1616 1843 πάπας
1635 1811 1802 1844 Ἀθανάσιος,

1017 1860 1157 1897 παρούσης
1171 1860 1221 1895 τῆς
1238 1859 1307 1895 ἐμῆς
1319 1858 1495 1894 βραχύτητος,
1507 1858 1553 1884 καὶ
1566 1857 1652 1884 ἄλλων
1665 1857 1803 1894 κληρικῶν

1016 1906 1066 1941 τῆς
1086 1904 1279 1940 Ἀλεξανδρέων
1297 1903 1467 1939 Ἐκκλησίας,
1480 1904 1510 1930 ὲν
1522 1904 1555 1939 τῇ
1570 1903 1675 1940 μεγάλῃ
1690 1902 1803 1938 Ἐκκλη-

1017 1952 1076 1988 σία,
1101 1951 1140 1986 τῷ
1164 1950 1289 1986 μακαρίῳ
1310 1951 1342 1985 τῇ
1369 1949 1462 1985 μνήμῃ
1494 1949 1638 1985 Ἀμμωνίῳ
1662 1949 1803 1985 ὲπισκότυῳ

1016 1998 1154 2033 γενομένῳ
1169 1997 1217 2031 τῆς
1238 1995 1407 2031 Ἐλαιαρχίας
1421 1995 1478 2031 (26)
1487 2017 1495 2029 ,
1510 1995 1556 2023 καὶ
1567 1995 1688 2031 Ἕρμωνι
1701 1995 1740 2031 τῷ
1752 1995 1803 2031 τῆς

1017 2042 1222 2078 Βουμαστικῶν,
1235 2040 1295 2068 εἶπέ
1316 2050 1343 2068 τι
1359 2042 1422 2077 περὶ
1432 2040 1579 2078 Θεοδώρου·
1595 2040 1696 2077 νομίζω
1711 2041 1739 2068 δὲ
1754 2042 1804 2068 καὶ

1016 2089 1066 2124 τὴν
1080 2089 1129 2124 σὴν
1145 2089 1275 2123 ἁγιότητα
1293 2086 1431 2123 παροῦσαν
1453 2087 1513 2113 τότε
1533 2086 1693 2121 ὰκηκοέναι’
1717 2087 1802 2121 ἀναγ-

1017 2137 1093 2162 καῖον
1118 2135 1187 2170 πρὸς
1209 2134 1360 2169 ὑπόμνησιν
1382 2133 1432 2168 τῆς
1450 2132 1499 2168 σῆς
1522 2132 1662 2164 εὐλαϐείας
1682 2131 1700 2159 ἃ
1724 2131 1803 2160 εἶπεν

1015 2181 1122 2217 γράφω.
1136 2181 1197 2207 Τῶν
1216 2178 1452 2216 μημονευθὲντων
1473 2179 1627 2205 ἐπισκόπων
1647 2178 1802 2214 θαυμαζόν-

1014 2236 1067 2254 των
1089 2227 1134 2253 τὺν
1159 2226 1291 2262 μακάριον
1320 2224 1459 2251 Ἀντώνιον
1486 2224 1624 2260 (πολλάκις
1649 2225 1703 2261 γὰρ
1727 2225 1803 2261 αὐτῷ

1022 2271 1162 2303 ’Δντὼνιος
1185 2273 1321 2306 συντυχὼν
1335 2269 1391 2307 ἦν),
1406 2272 1420 2298 ὸ
1441 2270 1534 2302 πάπας
1558 2270 1713 2302 ’Δθανάσιος
1733 2271 1802 2306 πρὸς

1013 2319 1111 2350 αὐτοὺς
1126 2318 1188 2353 ἔφη·

1051 2361 1127 2390 Εἶδον
1141 2363 1189 2390 καὶ⁴
1211 2364 1240 2390 ὲν
1254 2364 1310 2395 τοῖς
1325 2363 1431 2399 καιροῖς
1450 2363 1556 2395 τούτοις
1579 2363 1736 2399 ἀνθρώπους
1752 2364 1800 2391 τοῦ

1014 2408 1081 2435 Θεοῦ
1108 2408 1251 2444 μεγάλους,
1269 2409 1405 2444 Θεόδωρον
1428 2409 1474 2436 τὸν
1492 2410 1656 2445 ἡγιασμένον
1678 2410 1732 2445 (27)
1746 2411 1802 2438 τῶν

1014 2453 1200 2491 Ταϐεννησίων
1218 2455 1351 2492 μοναχῶν,
1366 2455 1412 2484 καὶ
1425 2455 1489 2490 περὶ
1503 2455 1553 2491 τὴν
1569 2456 1700 2482 Ἀντινόου
1716 2465 1800 2491 μονα-

1012 2500 1067 2535 χῶν
1092 2501 1210 2536 Πατέρα,
1234 2501 1305 2527 ἁϐϐἄ
1321 2502 1443 2537 Πάμμων
1462 2500 1590 2537 τοῦνομα,
1607 2502 1631 2528 οἳ
1646 2502 1695 2537 πρὸ
1709 2501 1800 2536 ὀλίγου

1013 2546 1198 2582 κεκοίμηνται.
1219 2547 1262 2579 Ὡς
1276 2547 1331 2583 γὰρ
1350 2548 1423 2583 ἢμην
1437 2547 1559 2583 διωχθεὶς
1574 2548 1626 2574 ὑπὸ
1644 2547 1799 2581 ’[ουλιανοῦ,

1014 2593 1060 2619 καὶ
1075 2593 1230 2629 προσδοκῶν
1245 2594 1418 2629 ἀναιρεθῆναι
1434 2594 1481 2621 ἀπ’
1498 2594 1579 2621 αὑτοῦ
1593 2594 1733 2630 (δεδήλωτο
1745 2595 1800 2630 γάρ

1014 2648 1058 2674 μοι
1073 2639 1152 2666 τοῦτο
1162 2640 1214 2666 ὑπὸ
1228 2641 1346 2676 γνησίων
1361 2640 1443 2675 φίλων
1458 2639 1560 2677 ἦλθον),
1575 2641 1600 2667 οἱ
1614 2641 1659 2667 δύο
1670 2637 1741 2667 οὗτοι
1758 2641 1799 2672 είς

1011 2686 1061 2722 τὴν
1083 2686 1216 2714 Ἀντινόου
1228 2686 1295 2722 πρὸς
1314 2687 1348 2723 μὲ
1364 2688 1392 2714 ὲν
1409 2688 1458 2723 μιᾷ
1472 2687 1571 2723 ἡμέρᾳ.
1585 2687 1638 2714 Καὶ
1655 2685 1799 2722 βουλευσάέ

1047 2810 1104 2844 ('26)
1117 2811 1292 2846 ξΕλεαρχίας,
1308 2810 1369 2838 vide
1383 2818 1462 2846 supra
1482 2819 1507 2845 p.
1524 2811 1584 2839 619.

1046 2846 1103 2882 (ἳἸ)
1115 2845 1268 2881 Legendum
1285 2847 1390 2874 videtur-
1402 2846 1467 2882 ὴγού
1472 2855 1560 2881 μενον.
