1954 3041
89 154 140 183 981

425 158 468 185 DE
486 157 745 186 INCARNATIONE
763 157 808 185 ET
834 157 973 187 CONTRA
989 158 1148 187 ARIANOS.
1163 174 1200 181 —
1215 157 1394 186 MONITUM.‘

1656 156 1707 185 989

91 225 172 252 μενος
195 217 326 253 κρυϐῆναι
352 219 424 253 παρὰ
441 218 579 255 Θεοδώρῳ,
593 219 695 255 ὲπέϐην
717 219 755 254 τῷ
769 220 873 246 ἐκείνου

928 226 1064 248 venerunt.
1079 219 1148 247 Tum
1164 227 1224 255 ego,
1239 224 1346 255 sumpto
1359 218 1475 247 consilio
1490 223 1521 246 ut
1535 218 1606 254 apud
1620 217 1707 246 Theo-

89 262 176 298 πλοίῳ
198 262 327 289 πάντοθεν
348 263 564 299 κεκαλυμμένῳ,
584 264 791 299 προπέμποντος
804 264 877 299 ἡμᾶς

89 308 138 334 καὶ
161 308 232 334 ὰὸὗᾶ
255 309 418 343 Πάμμωνος.
433 310 487 336 Καὶ
506 308 553 336 τοῦ
573 309 674 344 ἀνέμου
689 309 876 345 ἀνεπιτηδείου

89 353 251 389 γενομένου,
271 353 326 388 ἐγὼ
343 354 392 389 μὲν
408 355 531 389 ἀγωνιῶν
549 357 580 390 τῇ
605 355 703 393 καρδίᾳ
723 355 876 393 προσηυχό-

92 407 163 435 μην·
190 400 213 425 οἱ
234 399 262 426 δὲ
289 401 357 435 μετὰ
378 400 513 436 Θεοδώρου
531 391 702 436 μονάζοντες,
726 391 878 434 ἐξελθόντες

91 444 236 480 παρεῖλκον
258 445 288 471 τὸ
311 446 412 473 πλοῖον.
426 447 479 473 Καὶ
498 447 569 473 ἀΰὸᾶ
582 447 708 482 Πάμμων
720 447 878 481 ἀγωνιῶντᾲ

92 500 126 526 με
146 490 390 527 παραμυθούμενος
414 491 505 527 ἔλεγεν
526 492 591 528 (28)·
614 493 759 519 Πίστευσον
776 502 820 528 μοι
836 493 878 520 λέ-

90 546 175 572 γοντι,
193 538 243 572 οὐχ
264 538 348 570 οὕτως
367 538 421 573 ἔχω
443 539 601 566 πεποιθυίαν
627 539 676 575 τὴν
696 539 808 575 καρδίαν
827 548 877 575 μου

91 584 120 609 ἐν
142 583 228 619 καιρῷ
245 584 365 619 εἰρήνης,
388 584 425 616 ὼς
440 585 469 611 ὲν
490 586 545 616 τοῖς
561 585 607 611 τοῦ
624 585 742 621 διωγμοῦ
763 587 877 619 καιροῖς.

92 629 255 666 Τεθάρῥηκα
270 629 333 665 γὰρ,
357 631 397 657 ὅτι
418 631 487 670 ὑπὲρ
503 631 619 667 Χριστοῦ
638 632 760 666 πάσχων,
778 632 825 658 καὶ
839 631 878 666 τῷ

92 675 161 702 ἐλέει
175 675 256 702 αὑτοῦ
269 676 480 712 δυναμούμενος,
495 678 546 705 κᾶν
561 677 708 714 ὰναιρεθῶ,
719 677 762 708 ,ἔτι
779 677 878 713 μᾶλλον

91 721 210 757 εὑρίσκω
235 723 299 757 παρ’
327 723 400 758 αὖτῷ
429 723 513 756 ἕλεος.
535 724 592 751 Καὶ
618 724 658 751 ἐτι
681 732 730 760 μου
755 724 879 758 λέγοντος

92 766 188 800 ταῦτα,
203 767 338 804 Θεόδωρος
359 770 514 802 ὲνατενίσας
530 770 601 806 ἀόὁᾷ
612 771 747 806 Πάμμωνι
762 769 878 805 ἐμειδία-

93 821 133 840 σε·
149 814 195 841 καὶ
210 814 301 849 σχεδὸν
317 815 478 849 γελάσαντος
494 816 566 843 assa
581 817 743 852 Πάμμωνος,
760 815 814 850 ἐγὼ
829 815 878 851 μὲν

92 859 160 894 πρὸς
176 860 273 892 αὐτοὺς
287 860 364 896 ἔφην·
380 862 455 888 Διατί
471 861 628 896 ἐγελάσατε,
646 861 734 888 ταῦτά
755 869 803 897 μου
835 860 879 887 λέ-

927 268 1023 295 dorum
1037 268 1158 301 laterem,
1175 268 1234 302 ejus
1250 267 1402 294 naviculam
1420 266 1540 301 undique
1554 271 1709 301 coopertum

927 314 1083 345 conscendi,
1101 314 1196 342 abbate
1210 313 1357 341 Pammene
1372 320 1422 341 nos
1440 313 1552 341 honoris
1566 320 1648 340 eausa
1664 319 1708 340 co-

927 361 1051 390 mitante.
1067 359 1153 388 Vento
1171 365 1261 388 autem
1279 360 1370 389 minus
1383 367 1517 394 prospero
1530 358 1621 392 ﬂante,
1634 358 1709 393 equi-

928 406 988 434 dem
1004 406 1085 434 corde
1101 406 1199 435 anxius
1221 406 1366 440 precaban;
1384 405 1430 441 qui
1451 412 1517 432 vero
1540 412 1601 432 cum
1624 403 1710 435 Theo-

927 452 995 480 doro
1008 456 1085 479 erant
1104 452 1246 484 monachi,
1260 452 1374 486 egressi,
1390 451 1541 481 naviculam
1558 451 1709 477 trahebant.

928 498 1051 533 Cumque
1066 499 1150 526 abbas
1170 497 1292 530 Pammo,
1314 502 1474 525 mcerentem
1498 504 1541 524 me
1556 496 1711 524 consolare-

928 549 984 578 tur,
1009 545 1159 579 respondi:
1183 543 1268 572 Crede
1284 543 1426 571 aﬁirmanti
1453 543 1531 576 mihi,
1556 550 1611 570 non
1636 547 1711 571 tanta

928 595 1048 625 tempore
1063 591 1138 625 pacis
1152 590 1226 618 cordi
1243 597 1304 617 meo
1322 589 1418 616 ﬁducia
1434 589 1514 621 inest,
1529 593 1629 624 quanta
1644 594 1712 615 tem-

928 643 994 671 pore
1009 635 1213 670 persecutionis.
1231 635 1343 663 Conlldo
1357 635 1465 669 quippe,
1479 641 1522 661 me
1537 641 1585 668 pro
1601 632 1711 662 Christo

928 682 1090 717 patientem,
1119 686 1200 716 atque
1225 681 1285 716 ejus
1316 680 1502 709 misericordia
1534 679 1711 712 roboratum,

928 727 1035 755 etiamsi
1057 728 1176 761 occidar,
1192 728 1278 755 multo
1294 727 1425 762 majorem
1435 752 1438 754 ,
1448 725 1662 757 misericordiam
1677 724 1712 751 ab

928 781 961 801 eo
984 779 1205 802 consecuturum.
1229 773 1291 801 Hec
1313 773 1395 800 verba
1420 772 1536 802 necdum
1559 771 1712 806 compleve-

928 827 997 852 ram,
1023 827 1084 846 cum
1101 818 1260 847 Theodorus
1279 818 1405 848 abbatem
1431 818 1606 845 Pammonem
1628 816 1712 843 intui-

928 868 984 897 tus,
998 864 1110 893 subrisit
1124 873 1130 890 :
1145 869 1172 893 et
1188 872 1250 892 cum
1265 872 1334 901 pene
1347 864 1478 891 arrideret
1490 863 1574 891 abbas
1588 862 1712 894 Pammo,

92 914 204 939 γοντο;;
225 904 279 942 ἆρα
303 906 402 939 δειλίας
428 916 478 942 μου
505 908 672 941 κατέγνωτε;
697 907 833 943 Θεόδωρος
848 907 877 934 δὲ

928 909 1009 949 Quid,
1028 910 1154 946 inquam,
1176 917 1220 941 me
1239 897 1292 938 ista
1312 911 1466 946 loquentem
1483 909 1598 937 ridetis:
1615 917 1650 935 an
1668 916 1713 936 me

92 952 160 988 πρὸς
173 952 245 979 ἀϐὃᾶ
255 953 397 989 Πάμμωνα
411 953 473 989 ἔφη’
487 953 554 981 Εἰπὲ
571 953 643 989 αὐτῷ
658 953 702 980 διὰ
720 953 746 980 τι
756 953 878 989 ἐμειδιά-

92 1007 187 1034 σαμεν.
211 999 265 1025 Καὶ
293 999 365 1026 assa
389 999 541 1035 Πάμμωνος
563 999 703 1033 εἰπόντος,
731 999 767 1025 Σὺ
791 1000 878 1026 εἰπεῖν

92 1045 218 1079 ὀφείλεις,
231 1045 367 1081 Θεόδωρος
380 1046 441 1081 ἔφη·
457 1045 548 1083 Ταύτῃ
560 1046 593 1081 τῇ
604 1045 664 1082 ὥρᾳ
676 1045 794 1083 ἀνῃρέθη
815 1045 877 1072 Ἰου-

91 1090 182 1122 λιανὸς
206 1091 234 1117 ὲν
255 1091 384 1127 Περσίδι·
410 1091 570 1127 προειρήκει
595 1089 740 1127 γὰριπερὶ
760 1090 843 1117 αὐτοῦ
863 1090 878 1116 6

92 1137 158 1168 Θεὸς
184 1136 279 1169 οὕτως·
309 1138 336 1163 Ὀ
363 1136 397 1164 δὲ
417 1137 617 1171 κατοιόμενος,
639 1135 876 1170 καταφρονητὴς,

91 1182 168 1217 ἀνὴρ
184 1182 300 1213 ἀλαᾷἆγν
315 1182 405 1210 οὐδὲν
423 1184 464 1210 οὺι
470 1182 514 1218 μὴ
529 1181 660 1217 περανεῒ.
683 1182 878 1217 ’Δναστήσεται

91 1228 120 1254 δὲ
143 1227 269 1263 βασιλεὺς
290 1228 460 1264 Χριστιανὸς,
483 1228 556 1260 ὅστις
569 1226 694 1263 λαμπρὸς
711 1227 770 1262 μὲν,
788 1226 876 1261 61:16-

92 1275 156 1307 ϐιος·
172 1275 208 1301 5e
223 1275 309 1302 ἔσται.
336 1274 392 1301 Διὺι
407 1275 456 1301 οὐκ
476 1274 592 1309 ὀφείλεις
618 1273 663 1299 ἐπὶ
686 1272 735 1308 τὴν
758 1272 878 1308 Θηϐαΐδα

93 1322 271 1357 σκυλλόμενος
286 1321 421 1355 ἀπελθεῖν,
441 1320 498 1348 ἀλλ’
521 1322 560 1353 εἰς
575 1320 620 1347 τὸν
636 1319 782 1355 κομιτάτον
800 1319 878 1354 λελη-

93 1367 176 1399 θότως
191 1367 325 1402 γενέσθαιε
351 1366 481 1403 συντεύξῃ
497 1366 551 1402 γὰρ
572 1364 646 1400 αὐτῷ
669 1364 729 1391 καθ’
742 1365 815 1397 666v,
831 1365 879 1391 καὶ

93 1413 211 1448 γνησίως
234 1413 390 1448 ὑποδεχθεὶς
408 1413 472 1448 παρ’
496 1410 594 1444 αὐτοῦ,
611 1409 754 1446 ἐπανήξεις
774 1411 814 1442 εἰς
828 1410 879 1445 τὴν

99 1459 270 1495 Ἐκκλησίαν.
286 1458 342 1486 Καὶ
356 1458 441 1490 οὕτως
456 1459 557 1490 ἐκεῖνος
571 1457 662 1492 τάχιον
678 1456 731 1483 ὑπὸ
749 1456 796 1483 τοῦ
810 1455 878 1483 Θεοῦ

93 1504 323 1541 προληφθήσεται.
344 1504 400 1531 Καὶ
419 1504 529 1538 γέγονεν
549 1502 645 1535 οὕτως.
660 1502 742 1530 Ὅθεν
759 1501 878 1528 πιστεύω

93 1552 207 1583 πολλοὺς
227 1550 438 1586 εὺαρεστοῦντας
461 1549 500 1585 τῷ
518 1548 577 1585 Θεῷ
596 1549 626 1577 ὲν
641 1550 696 1580 τοῖς
720 1547 879 1584 μονάζουσιν

95 1597 212 1633 μάλιστα
228 1598 404 1633 κρύπτεσθαι·
417 1597 536 1624 κάκεῖνοι
545 1596 600 1632 γὰρ
612 1595 786 1626 λανθάνοντες
796 1592 876 1630 ἦσαν,

92 1643 187 1680 ὥσπερ
204 1644 250 1670 καὶ
264 1645 278 1670 6
292 1643 425 1679 μακάριος
441 1642 549 1678 Ἀμοῦν,
562 1641 609 1668 καὶ
624 1642 638 1668 6
650 1641 727 1676 ἅγιος
742 1640 877 1676 Θεόδωρος

94 1691 123 1716 ὲν
137 1689 177 1725 τῷ
189 1689 246 1725 ὄρει
258 1690 308 1724 τῆς
320 1689 443 1725 Νιτρίας,
459 1689 506 1716 καὶ
520 1689 534 1715 6
546 1687 638 1720 δοῦλος
655 1687 702 1714 τοῦ
724 1685 792 1713 Θεοῦ
806 1687 820 1713 6
834 1685 878 1713 εὑ-

93 1736 243 1773 ῖηρότατος
262 1735 395 1771 Πάμμων.

131 1803 154 1822 '4
170 1802 306 1837 Habacuc.
322 1812 351 1837 ιι,
370 1803 395 1830 5.

929 955 1078 984 timiditatis
1095 956 1228 992 arguitis?
1244 957 1313 984 Tum
1337 957 1371 984 ad
1396 955 1572 983 Pammonem
1587 955 1713 982 Theodo-

929 1009 976 1029 rus
995 1010 1001 1029 :
1019 1000 1067 1029 Dic
1082 1002 1130 1035 illi,
1148 1002 1194 1036 ait,
1211 1009 1272 1038 qua:
1289 1002 1324 1030 sit
1341 1002 1420 1029 nobis
1434 1009 1517 1029 causa
1531 1000 1645 1028 ridendi.
1659 999 1712 1028 Re-

927 1051 1043 1082 ponente
1067 1047 1214 1075 Pammone
1243 1047 1339 1075 abbate
1359 1057 1366 1075 :
1387 1047 1475 1075 Tuum
1503 1046 1570 1074 illud
1598 1051 1654 1079 est,
1675 1046 1714 1073 ait

928 1091 1104 1121 Theodorus:
1119 1092 1175 1120 Hac
1195 1093 1252 1128 ipsa
1273 1093 1339 1120 hora
1353 1093 1381 1120 in
1397 1091 1507 1120 Perside
1527 1090 1652 1119 Julianus
1665 1098 1712 1118 0c-

928 1139 1002 1167 cisus
1016 1144 1068 1172 est,
1081 1145 1112 1167 ut
1124 1139 1159 1168 de
1175 1139 1221 1167 illo
1228 1140 1390 1175 praedixerat
1404 1138 1475 1167 Deus
1488 1147 1495 1165 :
1513 1139 1648 1173 Arrogam
1661 1138 1713 1172 vir,

928 1191 1090 1221 contemptor
1112 1191 1138 1213 et
1161 1186 1287 1221 superbus
1319 1185 1384 1212 nihil
1415 1185 1530 1220 perﬁciet
1555 1185 1588 1212 ".
1614 1183 1714 1219 Surget

929 1236 1019 1260 autem
1036 1232 1208 1261 Christianus
1230 1233 1393 1268 imperator,
1410 1232 1457 1267 qui
1478 1231 1624 1266 praeclarus
1648 1231 1712 1265 qui-

928 1277 1000 1312 dem,
1024 1279 1071 1306 sed
1095 1279 1228 1307 brevioris
1243 1279 1305 1306 vita
1328 1278 1436 1305 futurus
1455 1282 1506 1306 est.
1522 1277 1611 1311 Quare
1634 1284 1668 1303 ne
1685 1277 1713 1304 in

929 1323 1093 1352 Thebaidem
1109 1325 1251 1357 ascendas.
1268 1332 1318 1352 nec
1332 1324 1482 1359 defatigere
1498 1332 1504 1350 :
1524 1324 1571 1351 sed
1585 1324 1611 1350 in
1625 1322 1712 1350 comi-

929 1373 1014 1398 tatum
1038 1371 1108 1398 clam
1131 1375 1157 1398 te
1181 1370 1284 1404 confer,
1307 1378 1387 1406 quem
1414 1371 1442 1398 in
1464 1371 1559 1397 itinere
1580 1369 1712 1402 oﬁendes,

929 1420 1011 1451 atque
1031 1417 1065 1444 ab
1089 1417 1135 1444 illo
1151 1417 1354 1451 perhumaniter
1366 1421 1504 1451 exceptus,
1521 1415 1548 1442 in
1564 1414 1713 1442 Ecclesium

928 1461 1098 1497 remigrabis.
1115 1461 1202 1496 Atque
1214 1461 1258 1489 ille
1266 1461 1347 1489 citius
1362 1469 1378 1488 a
1392 1461 1447 1488 Deo
1461 1469 1491 1489 ex
1511 1461 1562 1488 hac
1575 1460 1714 1487 auleretur

929 1506 993 1534 vita.
1009 1507 1086 1540 Quod
1100 1507 1136 1534 ita
1149 1507 1273 1542 contigit.
1287 1505 1468 1539 Quamobrem
1485 1507 1603 1534 arbitror»
1616 1513 1714 1541 quam-

929 1553 1061 1588 plurimas
1076 1553 1103 1579 in
1120 1552 1320 1580 monachorum-
1335 1552 1453 1580 maxime
1471 1552 1587 1579 ctetibus
1603 1551 1715 1578 latuisse

931 1598 987 1626 Deo
1004 1598 1208 1633 acceptissimos
1227 1599 1361 1632 homines,
1380 1598 1533 1633 cuiusmodi
1553 1597 1605 1625 fuit
1618 1598 1714 1625 beatus

930 1643 1030 1677 Amnn,
1056 1648 1082 1671 et
1105 1647 1215 1671 sanctus
1232 1642 1391 1671 Theodorus
1410 1643 1438 1670 in
1462 1647 1554 1671 monte
1571 1641 1674 1674 Nitriae,
1687 1646 1716 1670 et

931 1696 1025 1716 servus
1038 1688 1084 1716 Dei
1099 1688 1239 1724 felicisque
1251 1689 1398 1717 senectutis
1409 1688 1531 1716 Pammo.

98 1875 1701 1894 _—-——————————————-——h—_

413 1957 632 1998 lii-LIBRUM
662 1955 884 1987 ATHANASII
920 1954 1162 1992 SEQUENTEM
1190 1952 1433 1997 ADMONlTIO.

134 2129 153 2158 I.
170 2129 257 2162 Quam
273 2129 343 2156 varie
365 2129 392 2155 in
408 2127 592 2161 manuscriptis
607 2131 786 2162 nuncupatum
809 2125 959 2161 fuerit.hoc
983 2124 1148 2159 opusculum,
1165 2124 1193 2150 in
1217 2127 1281 2150 nata
1308 2122 1418 2157 inferius
1442 2123 1528 2157 posita
1551 2129 1653 2149 cernere
1665 2127 1715 2149 at.

98 2176 260 2204 Parisiemis
280 2181 368 2203 autem
383 2175 474 2208 editio,
494 2179 519 2202 et
536 2174 636 2202 codices
659 2173 791 2206 nonnulli,
806 2177 865 2208 post

929 2173 972 2205 ba,
984 2172 1032 2199 καὶ
1048 2172 1119 2199 κατὰ
1143 2169 1300 2206 ’Δρειανῶν,
1313 2170 1368 2198 hac
1386 2169 1526 2204 adjiciunt,
1543 2169 1590 2196 καὶ
1612 2168 1719 2196 ’Δπολι-

98 2224 208 2259 ναρίου,
223 2223 267 2251 sed
291 2230 437 2258 perperam,
456 2227 486 2250 ut
508 2230 541 2250 ea:
554 2223 660 2257 optimis
677 2221 809 2248 codicibus
824 2220 992 2256 perspicuum
1010 2225 1059 2252 est,
1080 2224 1105 2246 et
1123 2224 1151 2246 ut
1163 2219 1221 2254 jam
1239 2218 1339 2252 pridem
1356 2217 1488 2244 aduertere
1504 2217 1554 2244 viri
1572 2217 1718 2244 eruditione

98 2270 270 2298 celeberrimi.
297 2270 375 2297 Nihil
399 2270 493 2305 quippe
516 2269 641 2296 adversus
660 2268 856 2304 Apollinarium
879 2268 921 2294 hic
945 2268 1043 2302 agitur,
1058 2266 1102 2294 sed
1121 2267 1257 2294 Anamozos
1271 2270 1296 2292 et
1316 2265 1570 2296 Rneumalomaclws
1587 2270 1719 2299 oppugnat

98 2315 261 2343 Athanasius
276 2325 285 2344 :
300 2323 381 2351 quare
397 2322 429 2342 ea:
445 2315 558 2342 editione
574 2318 663 2341 nostra
678 2313 705 2340 id
719 2320 866 2348 expungere
876 2312 959 2339 visum
974 2317 1024 2338 esti

134 2363 169 2390 ll.
185 2362 263 2390 Hunc
283 2370 361 2397 porro
380 2361 475 2389 librum
496 2361 643 2388 Athanasio
660 2359 813 2395 abjudicant
837 2359 890 2387 viri
909 2364 998 2386 nostra
1021 2366 1074 2385 levo
1088 2357 1248 2389 doctissimi,
1265 2357 1389 2392 aiuntque
1404 2364 1534 2391 nusquam
1547 2355 1721 2382 Athanasium

100 2416 153 2438 tres
173 2411 325 2445 hypostases
340 2417 509 2441 memorasse,
524 2416 636 2443 quorum
650 2411 736 2434 tamen
759 2407 807 2434 hoc
827 2407 854 2433 in
869 2405 936 2433 libro
962 2406 1058 2432 utentia
1074 2405 1196 2436 habetur,
1212 2411 1282 2430 num.
1302 2403 1345 2431 10.
1362 2402 1421 2430 Ima
1437 2406 1531 2438 putant
1545 2402 1625 2428 iidem
1638 2401 1721 2436 Apol-

99 2458 196 2487 linario
211 2456 392 2487 hwresiarchte
408 2456 456 2483 hoc
474 2463 538 2490 opus
553 2463 609 2482 esse
622 2454 816 2486 ascribendum,
834 2453 877 2488 legi

928 2461 1021 2484 umque
1036 2453 1063 2478 in
1082 2451 1171 2484 titulo,
1185 2450 1240 2479 Τοῦ
1257 2449 1456 2486 Ἀπολιναρίου,
1471 2457 1534 2481 non,
1549 2447 1629 2475 Κατὰ
1643 2448 1722 2474 Ἀπο-

98 2503 230 2539 λιναρίου,
245 2509 274 2529 ut
287 2503 315 2530 in
328 2503 401 2538 prius
417 2502 494 2529 editis
508 2501 614 2536 legitur,
630 2508 708 2536 quam
722 2500 877 2526 sententiam
894 2499 935 2525 his
955 2506 1071 2525 asserere
1088 2498 1207 2527 nituntur
1221 2497 1401 2531 argumentis:
1418 2496 1443 2522 l°
1455 2494 1531 2527 Quod
1546 2502 1607 2521 caro
1622 2493 1721 2521 Christi

99 2551 142 2577 hic
165 2550 265 2585 passim
281 2558 329 2584 pro
345 2549 401 2584 ejus
421 2549 586 2576 humanitate
610 2553 761 2582 usurpatur,
777 2547 816 2573 ita
831 2551 860 2573 ut
875 2547 992 2573 humana
1014 2553 1085 2572 mens
1107 2545 1144 2572 sic
1166 2543 1270 2571 excludi
1283 2544 1412 2575 videatur,
1427 2550 1506 2578 quam
1519 2543 1602 2569 inesse
1616 2541 1721 2568 Christo

99 2595 211 2630 negabat
225 2594 423 2630 Apollinarius;
439 2593 468 2620 2°
484 2593 560 2626 Quod
575 2601 625 2620 vox
641 2592 810 2630 σαρκοφορος
825 2591 1023 2626 Apollinaristis
1040 2590 1263 2625 familiarissima,
1280 2590 1327 2616 hoc
1345 2589 1373 2615 in
1387 2596 1462 2623 opere
1476 2595 1525 2614 usu
1537 2588 1632 2614 veniat.

135 2628 179 2671 ill.
195 2628 281 2674 Quam
294 2640 370 2673 levia,
389 2648 468 2676 quam
484 2640 558 2669 nulla
570 2640 625 2666 hac
643 2639 712 2672 sint,
729 2628 808 2675 facile
822 2642 1056 2667 commanstratur.
1071 2636 1163 2663 Primo
1180 2637 1250 2663 enim
1262 2636 1415 2671 hypostases
1435 2634 1504 2670 quod
1526 2639 1636 2669 spectat,
1651 2634 1722 2661 haud

99 2689 180 2717 semel
198 2689 253 2717 illa:
268 2689 338 2724 apud
353 2689 528 2717 Athanasium
554 2691 714 2722 comparent.
736 2686 781 2714 Sic
797 2695 823 2721 ρ.
848 2686 877 2713 ει

928 2694 934 2713 ε
949 2691 1065 2717 quatuor
1087 2685 1246 2712 animalibus
1269 2685 1307 2711 uit
1322 2693 1332 2711 :
1345 2684 1399 2716 Τὰς
1414 2685 1489 2719 τρεῖς
1505 2683 1668 2716 ὑποστάσεις
1680 2692 1723 2710 τε-

98 2737 175 2768 λείας
189 2736 330 2763 δεικνύντα
346 2736 430 2763 ἐστίν.
447 2735 513 2762 Tres
525 2735 685 2770 hypostases
699 2733 834 2769 perfectas
850 2733 877 2760 dt

928 2737 991 2760 tant.
1007 2732 1041 2759 In
1056 2731 1232 2766 Expositione
1249 2735 1338 2758 autem
1353 2730 1424 2763 ﬁdei,
1440 2738 1492 2757 non
1504 2738 1558 2757 esse
1577 2730 1615 2756 ait
1633 2730 1660 2756 in
1672 2728 1724 2756 Deo
1761 2763 1765 2766 ν

100 2789 153 2810 tres
171 2785 323 2818 [typostases
342 2783 409 2810 inter
431 2790 458 2809 se
479 2782 588 2815 divisas,
607 2779 875 2816 διαμεμερισμένας,
891 2784 914 2806 et
933 2779 960 2806 in
980 2784 1049 2806 tanta
1074 2777 1263 2805 Alexandriam
1287 2777 1396 2812 synodi,
1419 2776 1473 2804 haec
1494 2775 1615 2810 loquendi
1638 2775 1722 2805 ratio,

136 2874 191 2908 (ἐκ)
208 2871 292 2908 Lego,
312 2871 572 2907 παραμυθουμένου,
598 2869 697 2904 ἔλεγον.
725 2869 773 2898 llic
799 2868 875 2896 deﬁci

928 2872 995 2896 :xlus
1010 2867 1126 2895 Graecus.
