  <div class='ocr_page' id='page_1' title='image "/cluster/home/n/w/nwhite01/storage/ocr_20150623/26/njp.32101077772521/509.png"; bbox 0 0 1954 3041; ppageno 0'>
   <div class='ocr_carea' id='block_1_1' title="bbox 268 157 335 185">
    <p class='ocr_par' dir='ltr' id='par_1_1' title="bbox 268 157 335 185">
     <span class='ocr_line' id='line_1_1' title="bbox 268 157 335 185; baseline -0.015 0"><span class='ocrx_word' id='word_1_1' title='bbox 268 157 335 185; x_wconf 64' lang='lat'><strong>£091</strong></span> 
     </span>
    </p>
   </div>
   <div class='ocr_carea' id='block_1_2' title="bbox 554 153 1575 184">
    <p class='ocr_par' dir='ltr' id='par_1_2' title="bbox 554 153 1575 184">
     <span class='ocr_line' id='line_1_2' title="bbox 554 153 1575 184; baseline -0.004 0"><span class='ocrx_word' id='word_1_2' title='bbox 554 157 583 184; x_wconf 88' lang='lat' dir='ltr'><strong>S.</strong></span> <span class='ocrx_word' id='word_1_3' title='bbox 602 155 786 183; x_wconf 77' lang='lat' dir='ltr'><strong>ATIIANASII</strong></span> <span class='ocrx_word' id='word_1_4' title='bbox 808 155 883 184; x_wconf 85' lang='lat' dir='ltr'><strong>OPP.</strong></span> <span class='ocrx_word' id='word_1_5' title='bbox 904 155 992 183; x_wconf 72' lang='lat' dir='ltr'><strong>PARS</strong></span> <span class='ocrx_word' id='word_1_6' title='bbox 1010 156 1028 183; x_wconf 93' lang='lat' dir='ltr'><strong>I.</strong></span> <span class='ocrx_word' id='word_1_7' title='bbox 1050 171 1084 177; x_wconf 90' lang='lat'><strong>—</strong></span> <span class='ocrx_word' id='word_1_8' title='bbox 1104 155 1287 184; x_wconf 72' lang='lat' dir='ltr'><strong>HISTORICA</strong></span> <span class='ocrx_word' id='word_1_9' title='bbox 1306 155 1349 182; x_wconf 87' lang='lat' dir='ltr'><strong>ET</strong></span> <span class='ocrx_word' id='word_1_10' title='bbox 1368 153 1575 182; x_wconf 73' lang='lat' dir='ltr'><strong>DOGMATICA.</strong></span> 
     </span>
    </p>
   </div>
   <div class='ocr_carea' id='block_1_3' title="bbox 1812 149 1880 177">
    <p class='ocr_par' dir='ltr' id='par_1_3' title="bbox 1812 149 1880 177">
     <span class='ocr_line' id='line_1_3' title="bbox 1812 149 1880 177; baseline 0 -1"><span class='ocrx_word' id='word_1_11' title='bbox 1812 149 1880 177; x_wconf 80' lang='grc'><strong>1008</strong></span> 
     </span>
    </p>
   </div>
   <div class='ocr_carea' id='block_1_4' title="bbox 268 207 1881 248">
    <p class='ocr_par' dir='ltr' id='par_1_4' title="bbox 268 207 1881 248">
     <span class='ocr_line' id='line_1_4' title="bbox 268 207 1881 248; baseline -0.001 -7"><span class='ocrx_word' id='word_1_12' title='bbox 268 215 355 241; x_wconf 76' lang='grc' dir='ltr'>Ὅπου</span> <span class='ocrx_word' id='word_1_13' title='bbox 372 214 425 248; x_wconf 72' lang='grc' dir='ltr'>γάρ</span> <span class='ocrx_word' id='word_1_14' title='bbox 446 213 505 240; x_wconf 74' lang='grc' dir='ltr'><strong>ἐστι</strong></span> <span class='ocrx_word' id='word_1_15' title='bbox 521 213 551 240; x_wconf 77' lang='grc' dir='ltr'>τὸ</span> <span class='ocrx_word' id='word_1_16' title='bbox 569 214 680 248; x_wconf 78' lang='grc' dir='ltr'><strong>Πνεῦμα</strong></span> <span class='ocrx_word' id='word_1_17' title='bbox 707 214 754 240; x_wconf 88' lang='grc' dir='ltr'>τοῦ</span> <span class='ocrx_word' id='word_1_18' title='bbox 780 213 859 245; x_wconf 82' lang='grc' dir='ltr'>Θεοῦ,</span> <span class='ocrx_word' id='word_1_19' title='bbox 876 215 934 240; x_wconf 84' lang='grc' dir='ltr'><strong>ὲχεῖ</strong></span> <span class='ocrx_word' id='word_1_20' title='bbox 957 215 1031 240; x_wconf 72' lang='grc' dir='ltr'>ἐστιν</span> <span class='ocrx_word' id='word_1_21' title='bbox 1055 214 1069 240; x_wconf 92' lang='lat'><strong>6</strong></span> <span class='ocrx_word' id='word_1_22' title='bbox 1086 214 1170 246; x_wconf 86' lang='grc' dir='ltr'><strong>Θεός·</strong></span> <span class='ocrx_word' id='word_1_23' title='bbox 1195 214 1242 240; x_wconf 82' lang='grc' dir='ltr'><strong>Ἐν</strong></span> <span class='ocrx_word' id='word_1_24' title='bbox 1266 213 1359 246; x_wconf 81' lang='grc' dir='ltr'><strong>τούτῳ</strong></span> <span class='ocrx_word' id='word_1_25' title='bbox 1386 212 1450 248; x_wconf 77' lang='grc' dir='ltr'>γὰρ,</span> <span class='ocrx_word' id='word_1_26' title='bbox 1467 211 1545 247; x_wconf 76' lang='grc' dir='ltr'><strong>φησὶ,</strong></span> <span class='ocrx_word' id='word_1_27' title='bbox 1573 209 1765 245; x_wconf 71' lang='grc' dir='ltr'><strong>τιηίισκομεν.</strong></span> <span class='ocrx_word' id='word_1_28' title='bbox 1792 207 1837 234; x_wconf 78' lang='grc' dir='ltr'><strong>ὅτι</strong></span> <span class='ocrx_word' id='word_1_29' title='bbox 1865 209 1881 234; x_wconf 76' lang='grc' dir='ltr'><em>δ</em></span> 
     </span>
    </p>
   </div>
   <div class='ocr_carea' id='block_1_5' title="bbox 269 260 1355 295">
    <p class='ocr_par' dir='ltr' id='par_1_5' title="bbox 269 260 1355 295">
     <span class='ocr_line' id='line_1_5' title="bbox 269 260 1355 295; baseline -0.002 -7"><span class='ocrx_word' id='word_1_30' title='bbox 269 261 339 294; x_wconf 75' lang='grc' dir='ltr'><strong>Θεὸς</strong></span> <span class='ocrx_word' id='word_1_31' title='bbox 352 261 386 287; x_wconf 86' lang='grc' dir='ltr'><strong>ἑν</strong></span> <span class='ocrx_word' id='word_1_32' title='bbox 397 260 469 294; x_wconf 73' lang='grc' dir='ltr'><em>ἡμῖν</em></span> <span class='ocrx_word' id='word_1_33' title='bbox 479 260 571 294; x_wconf 81' lang='grc' dir='ltr'><strong>μένει,</strong></span> <span class='ocrx_word' id='word_1_34' title='bbox 585 260 628 286; x_wconf 83' lang='grc' dir='ltr'><strong>ὅτι</strong></span> <span class='ocrx_word' id='word_1_35' title='bbox 644 261 678 287; x_wconf 65' lang='grc' dir='ltr'><strong><em>ἐκ</em></strong></span> <span class='ocrx_word' id='word_1_36' title='bbox 690 261 743 288; x_wconf 87' lang='grc' dir='ltr'>τοῦ</span> <span class='ocrx_word' id='word_1_37' title='bbox 764 261 934 295; x_wconf 80' lang='grc' dir='ltr'>Πνεύματος</span> <span class='ocrx_word' id='word_1_38' title='bbox 954 260 1045 288; x_wconf 83' lang='grc' dir='ltr'>αὐτοῦ</span> <span class='ocrx_word' id='word_1_39' title='bbox 1064 260 1192 288; x_wconf 83' lang='grc' dir='ltr'><strong>δέδωκεν</strong></span> <span class='ocrx_word' id='word_1_40' title='bbox 1205 260 1277 295; x_wconf 67' lang='grc' dir='ltr'><em>’ἡμῖν</em></span> <span class='ocrx_word' id='word_1_41' title='bbox 1290 260 1355 295; x_wconf 82' lang='grc'><strong>(15).</strong></span> 
     </span>
    </p>
   </div>
   <div class='ocr_carea' id='block_1_6' title="bbox 307 299 1048 342">
    <p class='ocr_par' dir='ltr' id='par_1_6' title="bbox 307 306 1046 342">
     <span class='ocr_line' id='line_1_6' title="bbox 307 306 1046 342; baseline 0.001 -8"><span class='ocrx_word' id='word_1_42' title='bbox 307 307 346 334; x_wconf 75' lang='grc' dir='ltr'><strong>Η.</strong></span> <span class='ocrx_word' id='word_1_43' title='bbox 367 306 399 333; x_wconf 86' lang='lat' dir='ltr'><strong>Et</strong></span> <span class='ocrx_word' id='word_1_44' title='bbox 422 314 484 334; x_wconf 87' lang='lat' dir='ltr'><strong>cum</strong></span> <span class='ocrx_word' id='word_1_45' title='bbox 512 306 650 341; x_wconf 72' lang='lat' dir='ltr'><strong>Scriptura</strong></span> <span class='ocrx_word' id='word_1_46' title='bbox 674 307 782 342; x_wconf 83' lang='lat' dir='ltr'><strong>quidem</strong></span> <span class='ocrx_word' id='word_1_47' title='bbox 805 307 886 339; x_wconf 83' lang='lat' dir='ltr'><strong>dicat.</strong></span> <span class='ocrx_word' id='word_1_48' title='bbox 916 307 1046 342; x_wconf 73' lang='lat' dir='ltr'><strong>Spiritum</strong></span> 
     </span>
    </p>
   </div>
   <div class='ocr_carea' id='block_1_7' title="bbox 1102 299 1882 342">
    <p class='ocr_par' dir='ltr' id='par_1_7' title="bbox 1132 299 1882 342">
     <span class='ocr_line' id='line_1_7' title="bbox 1132 299 1882 342; baseline -0.015 -7"><span class='ocrx_word' id='word_1_49' title='bbox 1132 308 1175 334; x_wconf 75' lang='grc' dir='ltr'><strong>Η.</strong></span> <span class='ocrx_word' id='word_1_50' title='bbox 1194 308 1248 334; x_wconf 83' lang='grc' dir='ltr'><strong>Καὶ</strong></span> <span class='ocrx_word' id='word_1_51' title='bbox 1258 307 1302 333; x_wconf 81' lang='grc' dir='ltr'><strong>ὅτε</strong></span> <span class='ocrx_word' id='word_1_52' title='bbox 1320 306 1368 342; x_wconf 81' lang='grc' dir='ltr'><strong>μὲν</strong></span> <span class='ocrx_word' id='word_1_53' title='bbox 1386 304 1460 340; x_wconf 78' lang='grc' dir='ltr'>λέγει</span> <span class='ocrx_word' id='word_1_54' title='bbox 1473 304 1490 340; x_wconf 81' lang='grc' dir='ltr'>ἡ</span> <span class='ocrx_word' id='word_1_55' title='bbox 1503 301 1608 338; x_wconf 74' lang='grc' dir='ltr'>Γραφὴ.</span> <span class='ocrx_word' id='word_1_56' title='bbox 1622 301 1663 328; x_wconf 80' lang='grc' dir='ltr'>ὅτι</span> <span class='ocrx_word' id='word_1_57' title='bbox 1679 300 1792 335; x_wconf 84' lang='grc' dir='ltr'>Πνεῦμα</span> <span class='ocrx_word' id='word_1_58' title='bbox 1804 299 1882 333; x_wconf 81' lang='grc' dir='ltr'>ἆγιον</span> 
     </span>
    </p>
   </div>
   <div class='ocr_carea' id='block_1_8' title="bbox 267 352 1046 388">
    <p class='ocr_par' dir='ltr' id='par_1_8' title="bbox 267 352 1046 388">
     <span class='ocr_line' id='line_1_8' title="bbox 267 352 1046 388; baseline 0 -7"><span class='ocrx_word' id='word_1_59' title='bbox 267 358 390 381; x_wconf 76' lang='lat' dir='ltr'><strong>sanctum</strong></span> <span class='ocrx_word' id='word_1_60' title='bbox 407 353 526 380; x_wconf 89' lang='lat' dir='ltr'><strong>locutum</strong></span> <span class='ocrx_word' id='word_1_61' title='bbox 544 352 662 380; x_wconf 81' lang='lat' dir='ltr'><strong>fuissein</strong></span> <span class='ocrx_word' id='word_1_62' title='bbox 678 353 816 388; x_wconf 74' lang='lat' dir='ltr'><strong>prophetis</strong></span> <span class='ocrx_word' id='word_1_63' title='bbox 829 373 837 385; x_wconf 84' lang='lat'><strong>,</strong></span> <span class='ocrx_word' id='word_1_64' title='bbox 853 354 916 381; x_wconf 95' lang='lat' dir='ltr'><strong>alibi</strong></span> <span class='ocrx_word' id='word_1_65' title='bbox 931 355 969 381; x_wconf 90' lang='lat' dir='ltr'><strong>ait</strong></span> <span class='ocrx_word' id='word_1_66' title='bbox 982 355 1046 381; x_wconf 86' lang='lat' dir='ltr'><strong>bea-</strong></span> 
     </span>
    </p>
   </div>
   <div class='ocr_carea' id='block_1_9' title="bbox 267 398 1045 434">
    <p class='ocr_par' dir='ltr' id='par_1_9' title="bbox 267 398 1045 434">
     <span class='ocr_line' id='line_1_9' title="bbox 267 398 1045 434; baseline 0.001 -8"><span class='ocrx_word' id='word_1_67' title='bbox 267 404 310 426; x_wconf 87' lang='lat' dir='ltr'><strong>tus</strong></span> <span class='ocrx_word' id='word_1_68' title='bbox 332 399 442 431; x_wconf 82' lang='lat' dir='ltr'><strong>Paulus,</strong></span> <span class='ocrx_word' id='word_1_69' title='bbox 463 398 570 426; x_wconf 79' lang='lat' dir='ltr'><strong>Patrem</strong></span> <span class='ocrx_word' id='word_1_70' title='bbox 596 399 622 426; x_wconf 90' lang='lat' dir='ltr'><strong>in</strong></span> <span class='ocrx_word' id='word_1_71' title='bbox 642 399 780 434; x_wconf 85' lang='lat' dir='ltr'><strong>prophetis</strong></span> <span class='ocrx_word' id='word_1_72' title='bbox 800 399 919 426; x_wconf 92' lang='lat' dir='ltr'><strong>locutum</strong></span> <span class='ocrx_word' id='word_1_73' title='bbox 941 399 1045 427; x_wconf 86' lang='lat' dir='ltr'><strong>fuisse:</strong></span> 
     </span>
    </p>
   </div>
   <div class='ocr_carea' id='block_1_10' title="bbox 266 443 1048 478">
    <p class='ocr_par' dir='ltr' id='par_1_10' title="bbox 266 443 1048 478">
     <span class='ocr_line' id='line_1_10' title="bbox 266 443 1048 478; baseline 0.003 -8"><span class='ocrx_word' id='word_1_74' title='bbox 266 451 330 470; x_wconf 86' lang='lat' dir='ltr'><strong>nam</strong></span> <span class='ocrx_word' id='word_1_75' title='bbox 355 443 533 478; x_wconf 75' lang='lat' dir='ltr'><strong>multifariam</strong></span> <span class='ocrx_word' id='word_1_76' title='bbox 564 444 704 477; x_wconf 77' lang='lat' dir='ltr'><strong>multisque</strong></span> <span class='ocrx_word' id='word_1_77' title='bbox 727 444 811 470; x_wconf 85' lang='lat' dir='ltr'><strong>modis</strong></span> <span class='ocrx_word' id='word_1_78' title='bbox 831 444 893 471; x_wconf 85' lang='lat' dir='ltr'><strong>olim</strong></span> <span class='ocrx_word' id='word_1_79' title='bbox 913 444 983 472; x_wconf 83' lang='lat' dir='ltr'><strong>Deus</strong></span> <span class='ocrx_word' id='word_1_80' title='bbox 1008 445 1048 472; x_wconf 78' lang='lat' dir='ltr'><strong>lo”-</strong></span> 
     </span>
    </p>
   </div>
   <div class='ocr_carea' id='block_1_11' title="bbox 265 489 1047 523">
    <p class='ocr_par' dir='ltr' id='par_1_11' title="bbox 265 489 1047 523">
     <span class='ocr_line' id='line_1_11' title="bbox 265 489 1047 523; baseline 0.003 -8"><span class='ocrx_word' id='word_1_81' title='bbox 265 498 346 523; x_wconf 79' lang='lat' dir='ltr'><strong>quens</strong></span> <span class='ocrx_word' id='word_1_82' title='bbox 364 489 482 523; x_wconf 82' lang='lat' dir='ltr'><strong>patribus</strong></span> <span class='ocrx_word' id='word_1_83' title='bbox 505 489 533 516; x_wconf 86' lang='lat' dir='ltr'><strong>in</strong></span> <span class='ocrx_word' id='word_1_84' title='bbox 559 489 700 523; x_wconf 78' lang='lat' dir='ltr'><strong>prophetis,</strong></span> <span class='ocrx_word' id='word_1_85' title='bbox 721 490 860 516; x_wconf 78' lang='lat' dir='ltr'><strong>novissime</strong></span> <span class='ocrx_word' id='word_1_86' title='bbox 880 490 970 516; x_wconf 80' lang='lat' dir='ltr'><strong>diebus</strong></span> <span class='ocrx_word' id='word_1_87' title='bbox 989 490 1047 517; x_wconf 81' lang='lat' dir='ltr'><strong>istis</strong></span> 
     </span>
    </p>
   </div>
   <div class='ocr_carea' id='block_1_12' title="bbox 265 534 1047 568">
    <p class='ocr_par' dir='ltr' id='par_1_12' title="bbox 265 534 1047 568">
     <span class='ocr_line' id='line_1_12' title="bbox 265 534 1047 568; baseline 0.005 -9"><span class='ocrx_word' id='word_1_88' title='bbox 265 534 367 560; x_wconf 81' lang='lat' dir='ltr'><strong>locutus</strong></span> <span class='ocrx_word' id='word_1_89' title='bbox 390 539 427 560; x_wconf 87' lang='lat' dir='ltr'><strong>est</strong></span> <span class='ocrx_word' id='word_1_90' title='bbox 451 535 524 560; x_wconf 84' lang='lat' dir='ltr'><strong>nobis</strong></span> <span class='ocrx_word' id='word_1_91' title='bbox 540 535 566 561; x_wconf 86' lang='lat' dir='ltr'><strong>in</strong></span> <span class='ocrx_word' id='word_1_92' title='bbox 580 534 652 561; x_wconf 75' lang='lat' dir='ltr'><strong>Filio</strong></span> <span class='ocrx_word' id='word_1_93' title='bbox 665 535 696 562; x_wconf 70' lang='grc'><strong>’⁸.</strong></span> <span class='ocrx_word' id='word_1_94' title='bbox 712 535 744 562; x_wconf 86' lang='lat' dir='ltr'><strong>Et</strong></span> <span class='ocrx_word' id='word_1_95' title='bbox 763 535 827 562; x_wconf 81' lang='lat' dir='ltr'><strong>alibi</strong></span> <span class='ocrx_word' id='word_1_96' title='bbox 851 536 925 568; x_wconf 83' lang='lat' dir='ltr'><strong>dicit,</strong></span> <span class='ocrx_word' id='word_1_97' title='bbox 949 535 1047 563; x_wconf 89' lang='lat' dir='ltr'><strong>Filium</strong></span> 
     </span>
    </p>
   </div>
   <div class='ocr_carea' id='block_1_13' title="bbox 265 579 1047 616">
    <p class='ocr_par' dir='ltr' id='par_1_13' title="bbox 265 579 1047 616">
     <span class='ocr_line' id='line_1_13' title="bbox 265 579 1047 616; baseline 0.003 -10"><span class='ocrx_word' id='word_1_98' title='bbox 265 579 338 613; x_wconf 76' lang='lat' dir='ltr'><strong>loqui</strong></span> <span class='ocrx_word' id='word_1_99' title='bbox 353 588 360 606; x_wconf 83' lang='lat'><strong><em>:</em></strong></span> <span class='ocrx_word' id='word_1_100' title='bbox 373 579 413 606; x_wconf 82' lang='grc' dir='ltr'><strong>Αη</strong></span> <span class='ocrx_word' id='word_1_101' title='bbox 428 580 642 613; x_wconf 77' lang='lat' dir='ltr'><strong>experimentum,</strong></span> <span class='ocrx_word' id='word_1_102' title='bbox 661 580 753 615; x_wconf 86' lang='lat' dir='ltr'><strong>inquit.</strong></span> <span class='ocrx_word' id='word_1_103' title='bbox 770 581 890 615; x_wconf 71' lang='lat' dir='ltr'><strong>quazritis</strong></span> <span class='ocrx_word' id='word_1_104' title='bbox 906 581 979 616; x_wconf 82' lang='lat' dir='ltr'><strong>ejus,</strong></span> <span class='ocrx_word' id='word_1_105' title='bbox 1003 582 1047 616; x_wconf 89' lang='lat' dir='ltr'><strong>qui</strong></span> 
     </span>
    </p>
   </div>
   <div class='ocr_carea' id='block_1_14' title="bbox 266 624 1047 660">
    <p class='ocr_par' dir='ltr' id='par_1_14' title="bbox 266 624 1047 660">
     <span class='ocr_line' id='line_1_14' title="bbox 266 624 1047 660; baseline 0.001 -9"><span class='ocrx_word' id='word_1_106' title='bbox 266 626 292 652; x_wconf 84' lang='lat' dir='ltr'><strong>in</strong></span> <span class='ocrx_word' id='word_1_107' title='bbox 309 633 348 652; x_wconf 88' lang='lat' dir='ltr'><strong>me</strong></span> <span class='ocrx_word' id='word_1_108' title='bbox 363 625 491 659; x_wconf 74' lang='lat' dir='ltr'><strong>loquitur,</strong></span> <span class='ocrx_word' id='word_1_109' title='bbox 508 625 607 652; x_wconf 84' lang='lat' dir='ltr'><strong>Christi</strong></span> <span class='ocrx_word' id='word_1_110' title='bbox 618 626 650 651; x_wconf 69' lang='grc' dir='ltr'><strong>η.</strong></span> <span class='ocrx_word' id='word_1_111' title='bbox 664 624 761 652; x_wconf 81' lang='lat' dir='ltr'><strong>Filium</strong></span> <span class='ocrx_word' id='word_1_112' title='bbox 783 633 847 652; x_wconf 82' lang='lat' dir='ltr'><strong>vero</strong></span> <span class='ocrx_word' id='word_1_113' title='bbox 858 625 896 652; x_wconf 85' lang='lat' dir='ltr'><strong>ait</strong></span> <span class='ocrx_word' id='word_1_114' title='bbox 918 625 1047 660; x_wconf 89' lang='lat' dir='ltr'><strong>Spiritum</strong></span> 
     </span>
    </p>
   </div>
   <div class='ocr_carea' id='block_1_15' title="bbox 266 669 1047 706">
    <p class='ocr_par' dir='ltr' id='par_1_15' title="bbox 266 669 1047 706">
     <span class='ocr_line' id='line_1_15' title="bbox 266 669 1047 706; baseline -0.001 -8"><span class='ocrx_word' id='word_1_115' title='bbox 266 679 325 699; x_wconf 74' lang='lat' dir='ltr'><strong>esse</strong></span> <span class='ocrx_word' id='word_1_116' title='bbox 341 671 386 706; x_wconf 85' lang='lat' dir='ltr'><strong>qui</strong></span> <span class='ocrx_word' id='word_1_117' title='bbox 400 671 520 704; x_wconf 79' lang='lat' dir='ltr'><strong>loquitur</strong></span> <span class='ocrx_word' id='word_1_118' title='bbox 532 670 558 696; x_wconf 90' lang='lat' dir='ltr'><strong>in</strong></span> <span class='ocrx_word' id='word_1_119' title='bbox 575 670 704 704; x_wconf 81' lang='lat' dir='ltr'><strong>apostolis</strong></span> <span class='ocrx_word' id='word_1_120' title='bbox 719 679 725 697; x_wconf 88' lang='lat'><strong>:</strong></span> <span class='ocrx_word' id='word_1_121' title='bbox 741 669 818 702; x_wconf 88' lang='lat' dir='ltr'><strong>Cum,</strong></span> <span class='ocrx_word' id='word_1_122' title='bbox 831 671 927 705; x_wconf 86' lang='lat' dir='ltr'><strong>inquit,</strong></span> <span class='ocrx_word' id='word_1_123' title='bbox 944 671 1047 697; x_wconf 80' lang='lat' dir='ltr'><strong>tradent</strong></span> 
     </span>
    </p>
   </div>
   <div class='ocr_carea' id='block_1_16' title="bbox 266 715 1047 751">
    <p class='ocr_par' dir='ltr' id='par_1_16' title="bbox 266 715 1047 751">
     <span class='ocr_line' id='line_1_16' title="bbox 266 715 1047 751; baseline -0.003 -7"><span class='ocrx_word' id='word_1_124' title='bbox 266 726 309 744; x_wconf 79' lang='lat' dir='ltr'><strong>t&#39;os</strong></span> <span class='ocrx_word' id='word_1_125' title='bbox 329 718 355 743; x_wconf 88' lang='lat' dir='ltr'><strong>in</strong></span> <span class='ocrx_word' id='word_1_126' title='bbox 374 715 497 747; x_wconf 80' lang='lat' dir='ltr'><strong>concilia,</strong></span> <span class='ocrx_word' id='word_1_127' title='bbox 520 715 599 742; x_wconf 78' lang='lat' dir='ltr'><strong>nolite</strong></span> <span class='ocrx_word' id='word_1_128' title='bbox 620 716 736 750; x_wconf 69' lang='lat' dir='ltr'><strong>cogitare</strong></span> <span class='ocrx_word' id='word_1_129' title='bbox 756 717 895 750; x_wconf 87' lang='lat' dir='ltr'><strong>quomodo,</strong></span> <span class='ocrx_word' id='word_1_130' title='bbox 913 721 959 743; x_wconf 89' lang='lat' dir='ltr'><strong>aut</strong></span> <span class='ocrx_word' id='word_1_131' title='bbox 984 716 1047 751; x_wconf 83' lang='lat' dir='ltr'><strong>quid</strong></span> 
     </span>
    </p>
   </div>
   <div class='ocr_carea' id='block_1_17' title="bbox 267 761 1048 796">
    <p class='ocr_par' dir='ltr' id='par_1_17' title="bbox 267 761 1048 796">
     <span class='ocr_line' id='line_1_17' title="bbox 267 761 1048 796; baseline 0 -8"><span class='ocrx_word' id='word_1_132' title='bbox 267 762 433 796; x_wconf 79' lang='lat' dir='ltr'><strong>loquamini:</strong></span> <span class='ocrx_word' id='word_1_133' title='bbox 453 761 559 786; x_wconf 76' lang='lat' dir='ltr'><strong>dabitur</strong></span> <span class='ocrx_word' id='word_1_134' title='bbox 576 761 644 787; x_wconf 80' lang='lat' dir='ltr'><strong>enim</strong></span> <span class='ocrx_word' id='word_1_135' title='bbox 663 761 734 787; x_wconf 71' lang='lat' dir='ltr'><strong>vobis</strong></span> <span class='ocrx_word' id='word_1_136' title='bbox 746 761 772 787; x_wconf 85' lang='lat' dir='ltr'><strong>in</strong></span> <span class='ocrx_word' id='word_1_137' title='bbox 787 761 834 787; x_wconf 87' lang='lat' dir='ltr'><strong>illa</strong></span> <span class='ocrx_word' id='word_1_138' title='bbox 850 762 914 787; x_wconf 83' lang='lat' dir='ltr'><strong>hora</strong></span> <span class='ocrx_word' id='word_1_139' title='bbox 930 762 993 796; x_wconf 86' lang='lat' dir='ltr'><strong>quid</strong></span> <span class='ocrx_word' id='word_1_140' title='bbox 1007 761 1048 788; x_wconf 90' lang='lat' dir='ltr'><strong>lo-</strong></span> 
     </span>
    </p>
   </div>
   <div class='ocr_carea' id='block_1_18' title="bbox 265 805 1049 842">
    <p class='ocr_par' dir='ltr' id='par_1_18' title="bbox 265 805 1049 842">
     <span class='ocr_line' id='line_1_18' title="bbox 265 805 1049 842; baseline 0 -9"><span class='ocrx_word' id='word_1_141' title='bbox 265 808 394 842; x_wconf 82' lang='lat' dir='ltr'><strong>quamini.</strong></span> <span class='ocrx_word' id='word_1_142' title='bbox 410 805 470 833; x_wconf 84' lang='lat' dir='ltr'><strong>Non</strong></span> <span class='ocrx_word' id='word_1_143' title='bbox 479 806 549 833; x_wconf 85' lang='lat' dir='ltr'><strong>enim</strong></span> <span class='ocrx_word' id='word_1_144' title='bbox 563 814 605 832; x_wconf 85' lang='lat' dir='ltr'><strong>vos</strong></span> <span class='ocrx_word' id='word_1_145' title='bbox 620 806 681 833; x_wconf 81' lang='lat' dir='ltr'><strong>estis</strong></span> <span class='ocrx_word' id='word_1_146' title='bbox 689 807 733 841; x_wconf 90' lang='lat' dir='ltr'><strong>qui</strong></span> <span class='ocrx_word' id='word_1_147' title='bbox 747 806 893 841; x_wconf 84' lang='lat' dir='ltr'><strong>loquimini,</strong></span> <span class='ocrx_word' id='word_1_148' title='bbox 903 807 948 833; x_wconf 80' lang='lat' dir='ltr'><strong>sed</strong></span> <span class='ocrx_word' id='word_1_149' title='bbox 965 806 1049 841; x_wconf 85' lang='lat' dir='ltr'><strong>Spiri-</strong></span> 
     </span>
    </p>
   </div>
   <div class='ocr_carea' id='block_1_19' title="bbox 266 852 1047 887">
    <p class='ocr_par' dir='ltr' id='par_1_19' title="bbox 266 852 1047 887">
     <span class='ocr_line' id='line_1_19' title="bbox 266 852 1047 887; baseline 0 -8"><span class='ocrx_word' id='word_1_150' title='bbox 266 858 306 879; x_wconf 84' lang='lat' dir='ltr'><strong>tus</strong></span> <span class='ocrx_word' id='word_1_151' title='bbox 322 852 411 879; x_wconf 85' lang='lat' dir='ltr'><strong>l&#39;atris</strong></span> <span class='ocrx_word' id='word_1_152' title='bbox 426 853 502 879; x_wconf 81' lang='lat' dir='ltr'><strong>vestri</strong></span> <span class='ocrx_word' id='word_1_153' title='bbox 516 852 560 886; x_wconf 90' lang='lat' dir='ltr'><strong>qui</strong></span> <span class='ocrx_word' id='word_1_154' title='bbox 576 852 690 887; x_wconf 84' lang='lat' dir='ltr'><strong>loquitur</strong></span> <span class='ocrx_word' id='word_1_155' title='bbox 701 852 728 878; x_wconf 86' lang='lat' dir='ltr'><strong>in</strong></span> <span class='ocrx_word' id='word_1_156' title='bbox 741 852 812 879; x_wconf 81' lang='lat' dir='ltr'><strong>vobis</strong></span> <span class='ocrx_word' id='word_1_157' title='bbox 822 853 855 879; x_wconf 84' lang='lat'><strong>“.</strong></span> <span class='ocrx_word' id='word_1_158' title='bbox 868 852 899 879; x_wconf 87' lang='lat' dir='ltr'><strong>Et</strong></span> <span class='ocrx_word' id='word_1_159' title='bbox 914 853 1047 880; x_wconf 82' lang='lat' dir='ltr'><strong>interdum</strong></span> 
     </span>
    </p>
   </div>
   <div class='ocr_carea' id='block_1_20' title="bbox 266 897 1047 932">
    <p class='ocr_par' dir='ltr' id='par_1_20' title="bbox 266 897 1047 932">
     <span class='ocr_line' id='line_1_20' title="bbox 266 897 1047 932; baseline 0 -8"><span class='ocrx_word' id='word_1_160' title='bbox 266 899 374 932; x_wconf 82' lang='lat' dir='ltr'><strong>quidem</strong></span> <span class='ocrx_word' id='word_1_161' title='bbox 390 898 426 924; x_wconf 88' lang='lat' dir='ltr'><strong>ait</strong></span> <span class='ocrx_word' id='word_1_162' title='bbox 436 898 591 932; x_wconf 85' lang='lat' dir='ltr'><strong>Apostolus,</strong></span> <span class='ocrx_word' id='word_1_163' title='bbox 601 905 716 932; x_wconf 81' lang='lat' dir='ltr'><strong>corpora</strong></span> <span class='ocrx_word' id='word_1_164' title='bbox 726 897 843 925; x_wconf 78' lang='lat' dir='ltr'><strong>ﬁdelium</strong></span> <span class='ocrx_word' id='word_1_165' title='bbox 855 905 914 925; x_wconf 86' lang='lat' dir='ltr'><strong>esse</strong></span> <span class='ocrx_word' id='word_1_166' title='bbox 927 898 1047 925; x_wconf 85' lang='lat' dir='ltr'><strong>membra</strong></span> 
     </span>
    </p>
   </div>
   <div class='ocr_carea' id='block_1_21' title="bbox 268 944 1046 980">
    <p class='ocr_par' dir='ltr' id='par_1_21' title="bbox 268 944 1046 980">
     <span class='ocr_line' id='line_1_21' title="bbox 268 944 1046 980; baseline 0 -8"><span class='ocrx_word' id='word_1_167' title='bbox 268 945 384 980; x_wconf 82' lang='lat' dir='ltr'><strong>Spiritus</strong></span> <span class='ocrx_word' id='word_1_168' title='bbox 398 945 503 976; x_wconf 83' lang='lat' dir='ltr'><strong>sancti;</strong></span> <span class='ocrx_word' id='word_1_169' title='bbox 518 944 663 979; x_wconf 85' lang='lat' dir='ltr'><strong>aliquando</strong></span> <span class='ocrx_word' id='word_1_170' title='bbox 686 948 776 972; x_wconf 88' lang='lat' dir='ltr'><strong>autem</strong></span> <span class='ocrx_word' id='word_1_171' title='bbox 796 945 917 972; x_wconf 83' lang='lat' dir='ltr'><strong>membra</strong></span> <span class='ocrx_word' id='word_1_172' title='bbox 938 945 1046 973; x_wconf 88' lang='lat' dir='ltr'><strong>illorum</strong></span> 
     </span>
    </p>
   </div>
   <div class='ocr_carea' id='block_1_22' title="bbox 1096 345 1882 386">
    <p class='ocr_par' dir='ltr' id='par_1_22' title="bbox 1096 345 1882 386">
     <span class='ocr_line' id='line_1_22' title="bbox 1096 345 1882 386; baseline -0.011 -7"><span class='ocrx_word' id='word_1_173' title='bbox 1096 353 1183 380; x_wconf 83' lang='grc' dir='ltr'>ὲλάλει</span> <span class='ocrx_word' id='word_1_174' title='bbox 1195 353 1223 379; x_wconf 82' lang='grc' dir='ltr'><strong>ὲν</strong></span> <span class='ocrx_word' id='word_1_175' title='bbox 1238 353 1293 383; x_wconf 86' lang='grc' dir='ltr'><strong>τοῖς</strong></span> <span class='ocrx_word' id='word_1_176' title='bbox 1310 350 1474 386; x_wconf 80' lang='grc' dir='ltr'><strong>προφήταις,</strong></span> <span class='ocrx_word' id='word_1_177' title='bbox 1491 347 1606 383; x_wconf 78' lang='grc' dir='ltr'><strong>ἀλλαχοῦ</strong></span> <span class='ocrx_word' id='word_1_178' title='bbox 1625 346 1698 380; x_wconf 78' lang='grc' dir='ltr'>λέγει</span> <span class='ocrx_word' id='word_1_179' title='bbox 1713 347 1728 372; x_wconf 85' lang='lat'><strong>6</strong></span> <span class='ocrx_word' id='word_1_180' title='bbox 1747 345 1882 380; x_wconf 80' lang='grc' dir='ltr'>μακάριος</span> 
     </span>
    </p>
   </div>
   <div class='ocr_carea' id='block_1_23' title="bbox 1096 392 1883 432">
    <p class='ocr_par' dir='ltr' id='par_1_23' title="bbox 1096 392 1883 432">
     <span class='ocr_line' id='line_1_23' title="bbox 1096 392 1883 432; baseline -0.011 -7"><span class='ocrx_word' id='word_1_181' title='bbox 1096 398 1210 430; x_wconf 81' lang='grc' dir='ltr'>Παῦλος,</span> <span class='ocrx_word' id='word_1_182' title='bbox 1220 398 1260 424; x_wconf 76' lang='grc' dir='ltr'><strong>ὅτι</strong></span> <span class='ocrx_word' id='word_1_183' title='bbox 1273 399 1287 424; x_wconf 98' lang='lat'><strong>6</strong></span> <span class='ocrx_word' id='word_1_184' title='bbox 1300 397 1394 432; x_wconf 79' lang='grc' dir='ltr'>Πατὴρ</span> <span class='ocrx_word' id='word_1_185' title='bbox 1411 395 1498 422; x_wconf 79' lang='grc' dir='ltr'>ἐλάλει</span> <span class='ocrx_word' id='word_1_186' title='bbox 1517 396 1546 421; x_wconf 80' lang='grc' dir='ltr'><strong>ὲν</strong></span> <span class='ocrx_word' id='word_1_187' title='bbox 1560 395 1617 424; x_wconf 81' lang='grc' dir='ltr'>τοῖς</span> <span class='ocrx_word' id='word_1_188' title='bbox 1637 392 1806 428; x_wconf 82' lang='grc' dir='ltr'><strong>προφήταις·</strong></span> <span class='ocrx_word' id='word_1_189' title='bbox 1824 392 1883 418; x_wconf 86' lang='grc' dir='ltr'>Πο-</span> 
     </span>
    </p>
   </div>
   <div class='ocr_carea' id='block_1_24' title="bbox 1096 437 1884 480">
    <p class='ocr_par' dir='ltr' id='par_1_24' title="bbox 1096 437 1884 480">
     <span class='ocr_line' id='line_1_24' title="bbox 1096 437 1884 480; baseline -0.013 -8"><span class='ocrx_word' id='word_1_190' title='bbox 1096 443 1230 480; x_wconf 62' lang='grc' dir='ltr'><em>λυμερῶς</em></span> <span class='ocrx_word' id='word_1_191' title='bbox 1249 444 1303 479; x_wconf 78' lang='grc' dir='ltr'><strong>γὰρ</strong></span> <span class='ocrx_word' id='word_1_192' title='bbox 1319 443 1367 470; x_wconf 79' lang='grc' dir='ltr'><strong>καὶ</strong></span> <span class='ocrx_word' id='word_1_193' title='bbox 1381 441 1576 476; x_wconf 76' lang='grc' dir='ltr'><strong>πολυτρόπως</strong></span> <span class='ocrx_word' id='word_1_194' title='bbox 1590 439 1683 466; x_wconf 82' lang='grc' dir='ltr'>πάλαι</span> <span class='ocrx_word' id='word_1_195' title='bbox 1701 439 1718 464; x_wconf 82' lang='grc' dir='ltr'>ό</span> <span class='ocrx_word' id='word_1_196' title='bbox 1742 437 1815 469; x_wconf 85' lang='grc' dir='ltr'><strong>Θεὸς</strong></span> <span class='ocrx_word' id='word_1_197' title='bbox 1829 438 1884 464; x_wconf 77' lang='grc' dir='ltr'><strong>λα·</strong></span> 
     </span>
    </p>
   </div>
   <div class='ocr_carea' id='block_1_25' title="bbox 1096 481 1884 524">
    <p class='ocr_par' dir='ltr' id='par_1_25' title="bbox 1096 481 1884 524">
     <span class='ocr_line' id='line_1_25' title="bbox 1096 481 1884 524; baseline -0.014 -6"><span class='ocrx_word' id='word_1_198' title='bbox 1096 491 1196 524; x_wconf 70' lang='grc' dir='ltr'>λύσας</span> <span class='ocrx_word' id='word_1_199' title='bbox 1212 491 1270 523; x_wconf 84' lang='grc' dir='ltr'><strong>τοῖς</strong></span> <span class='ocrx_word' id='word_1_200' title='bbox 1281 489 1428 524; x_wconf 80' lang='grc' dir='ltr'><strong>πατράσιν</strong></span> <span class='ocrx_word' id='word_1_201' title='bbox 1438 487 1542 520; x_wconf 76' lang='grc' dir='ltr'><strong>ἐντοῖς</strong></span> <span class='ocrx_word' id='word_1_202' title='bbox 1549 484 1723 520; x_wconf 60' lang='grc' dir='ltr'><strong>προφήταις,</strong></span> <span class='ocrx_word' id='word_1_203' title='bbox 1735 482 1780 509; x_wconf 80' lang='grc' dir='ltr'><strong>ἐπ’</strong></span> <span class='ocrx_word' id='word_1_204' title='bbox 1794 481 1884 516; x_wconf 61' lang='lat' dir='ltr'><strong>saxat-</strong></span> 
     </span>
    </p>
   </div>
   <div class='ocr_carea' id='block_1_26' title="bbox 1098 528 1885 572">
    <p class='ocr_par' dir='ltr' id='par_1_26' title="bbox 1098 528 1885 572">
     <span class='ocr_line' id='line_1_26' title="bbox 1098 528 1885 572; baseline -0.009 -10"><span class='ocrx_word' id='word_1_205' title='bbox 1098 546 1151 564; x_wconf 79' lang='grc' dir='ltr'><strong>του</strong></span> <span class='ocrx_word' id='word_1_206' title='bbox 1176 536 1231 572; x_wconf 81' lang='grc'><strong>(16)</strong></span> <span class='ocrx_word' id='word_1_207' title='bbox 1258 535 1310 563; x_wconf 86' lang='grc' dir='ltr'>τοῦ</span> <span class='ocrx_word' id='word_1_208' title='bbox 1324 534 1441 570; x_wconf 76' lang='grc' dir='ltr'><strong>ἡμερῶν</strong></span> <span class='ocrx_word' id='word_1_209' title='bbox 1456 534 1568 560; x_wconf 79' lang='grc' dir='ltr'><strong>τούτων</strong></span> <span class='ocrx_word' id='word_1_210' title='bbox 1587 530 1741 564; x_wconf 74' lang='grc' dir='ltr'><strong>ἐλάλησεν</strong></span> <span class='ocrx_word' id='word_1_211' title='bbox 1759 528 1833 563; x_wconf 73' lang='grc' dir='ltr'><em>ἡμῖν</em></span> <span class='ocrx_word' id='word_1_212' title='bbox 1849 528 1885 555; x_wconf 80' lang='grc' dir='ltr'><strong>ἐν</strong></span> 
     </span>
    </p>
   </div>
   <div class='ocr_carea' id='block_1_27' title="bbox 1100 574 1884 616">
    <p class='ocr_par' dir='ltr' id='par_1_27' title="bbox 1100 574 1884 616">
     <span class='ocr_line' id='line_1_27' title="bbox 1100 574 1884 616; baseline -0.014 -5"><span class='ocrx_word' id='word_1_213' title='bbox 1100 583 1164 616; x_wconf 80' lang='grc' dir='ltr'><strong>Υἱῷ.</strong></span> <span class='ocrx_word' id='word_1_214' title='bbox 1181 583 1235 609; x_wconf 78' lang='grc' dir='ltr'><strong>Καὶ</strong></span> <span class='ocrx_word' id='word_1_215' title='bbox 1255 581 1369 616; x_wconf 77' lang='grc' dir='ltr'><strong>ἀλλαχοῦ</strong></span> <span class='ocrx_word' id='word_1_216' title='bbox 1386 580 1470 614; x_wconf 82' lang='grc' dir='ltr'>λέγει,</span> <span class='ocrx_word' id='word_1_217' title='bbox 1487 580 1528 605; x_wconf 84' lang='grc' dir='ltr'><strong>ὅτι</strong></span> <span class='ocrx_word' id='word_1_218' title='bbox 1543 579 1558 605; x_wconf 87' lang='lat'><strong>6</strong></span> <span class='ocrx_word' id='word_1_219' title='bbox 1571 577 1635 608; x_wconf 76' lang='grc' dir='ltr'>Υἱὸς</span> <span class='ocrx_word' id='word_1_220' title='bbox 1650 576 1740 602; x_wconf 87' lang='grc' dir='ltr'>λαλεῖ·</span> <span class='ocrx_word' id='word_1_221' title='bbox 1754 575 1788 601; x_wconf 80' lang='grc' dir='ltr'><strong>Εἰ</strong></span> <span class='ocrx_word' id='word_1_222' title='bbox 1804 574 1884 601; x_wconf 85' lang='grc' dir='ltr'>δοκι-</span> 
     </span>
    </p>
   </div>
   <div class='ocr_carea' id='block_1_28' title="bbox 1094 621 1884 664">
    <p class='ocr_par' dir='ltr' id='par_1_28' title="bbox 1094 621 1884 664">
     <span class='ocr_line' id='line_1_28' title="bbox 1094 621 1884 664; baseline -0.014 -7"><span class='ocrx_word' id='word_1_223' title='bbox 1094 629 1168 664; x_wconf 81' lang='grc' dir='ltr'><em>μὴν,</em></span> <span class='ocrx_word' id='word_1_224' title='bbox 1194 628 1269 663; x_wconf 71' lang='grc' dir='ltr'><strong>φησὶ,</strong></span> <span class='ocrx_word' id='word_1_225' title='bbox 1284 626 1392 661; x_wconf 75' lang='grc' dir='ltr'><strong>ζητεῖτε</strong></span> <span class='ocrx_word' id='word_1_226' title='bbox 1415 625 1467 653; x_wconf 85' lang='grc' dir='ltr'>τοῦ</span> <span class='ocrx_word' id='word_1_227' title='bbox 1483 625 1518 652; x_wconf 80' lang='grc' dir='ltr'><strong>ἐν</strong></span> <span class='ocrx_word' id='word_1_228' title='bbox 1542 624 1606 659; x_wconf 79' lang='grc' dir='ltr'><strong>ἐμοὶ</strong></span> <span class='ocrx_word' id='word_1_229' title='bbox 1626 622 1795 654; x_wconf 79' lang='grc' dir='ltr'>λαλοῦντος</span> <span class='ocrx_word' id='word_1_230' title='bbox 1814 621 1884 654; x_wconf 82' lang='grc' dir='ltr'>Χρι-</span> 
     </span>
    </p>
   </div>
   <div class='ocr_carea' id='block_1_29' title="bbox 1097 667 1885 706">
    <p class='ocr_par' dir='ltr' id='par_1_29' title="bbox 1097 667 1885 706">
     <span class='ocr_line' id='line_1_29' title="bbox 1097 667 1885 706; baseline -0.011 -5"><span class='ocrx_word' id='word_1_231' title='bbox 1097 674 1182 702; x_wconf 87' lang='grc' dir='ltr'>στοῦ,</span> <span class='ocrx_word' id='word_1_232' title='bbox 1206 674 1236 700; x_wconf 87' lang='lat'><strong>&#39;0</strong></span> <span class='ocrx_word' id='word_1_233' title='bbox 1245 673 1273 700; x_wconf 82' lang='grc' dir='ltr'>δὲ</span> <span class='ocrx_word' id='word_1_234' title='bbox 1287 673 1351 703; x_wconf 81' lang='grc' dir='ltr'>Υἱὸς</span> <span class='ocrx_word' id='word_1_235' title='bbox 1377 672 1408 698; x_wconf 80' lang='grc' dir='ltr'>τὸ</span> <span class='ocrx_word' id='word_1_236' title='bbox 1420 671 1532 706; x_wconf 85' lang='grc' dir='ltr'>Πνεῦμα</span> <span class='ocrx_word' id='word_1_237' title='bbox 1545 667 1605 697; x_wconf 80' lang='grc' dir='ltr'>εἶπε</span> <span class='ocrx_word' id='word_1_238' title='bbox 1619 669 1649 696; x_wconf 77' lang='grc' dir='ltr'><strong>τὸ</strong></span> <span class='ocrx_word' id='word_1_239' title='bbox 1671 667 1767 695; x_wconf 78' lang='grc' dir='ltr'>λαλοῦν</span> <span class='ocrx_word' id='word_1_240' title='bbox 1783 668 1812 694; x_wconf 81' lang='grc' dir='ltr'><strong>ὲν</strong></span> <span class='ocrx_word' id='word_1_241' title='bbox 1826 670 1885 700; x_wconf 83' lang='grc' dir='ltr'>τοῖς</span> 
     </span>
    </p>
   </div>
   <div class='ocr_carea' id='block_1_30' title="bbox 1097 713 1886 752">
    <p class='ocr_par' dir='ltr' id='par_1_30' title="bbox 1097 713 1886 752">
     <span class='ocr_line' id='line_1_30' title="bbox 1097 713 1886 752; baseline -0.006 -7"><span class='ocrx_word' id='word_1_242' title='bbox 1097 718 1264 749; x_wconf 82' lang='grc' dir='ltr'>ἀποστόλοις,</span> <span class='ocrx_word' id='word_1_243' title='bbox 1284 718 1376 744; x_wconf 82' lang='grc' dir='ltr'><em>Ὅταν</em></span> <span class='ocrx_word' id='word_1_244' title='bbox 1385 716 1450 752; x_wconf 85' lang='lat' dir='ltr'><strong>(I7),</strong></span> <span class='ocrx_word' id='word_1_245' title='bbox 1467 716 1544 751; x_wconf 76' lang='grc' dir='ltr'><strong>φησὶ.</strong></span> <span class='ocrx_word' id='word_1_246' title='bbox 1560 714 1792 749; x_wconf 77' lang='grc' dir='ltr'><strong>παραδώσουσιν</strong></span> <span class='ocrx_word' id='word_1_247' title='bbox 1804 713 1886 749; x_wconf 82' lang='grc' dir='ltr'><em>ὑμᾶς</em></span> 
     </span>
    </p>
   </div>
   <div class='ocr_carea' id='block_1_31' title="bbox 1096 759 1886 798">
    <p class='ocr_par' dir='ltr' id='par_1_31' title="bbox 1096 759 1886 798">
     <span class='ocr_line' id='line_1_31' title="bbox 1096 759 1886 798; baseline -0.006 -7"><span class='ocrx_word' id='word_1_248' title='bbox 1096 766 1140 797; x_wconf 79' lang='grc' dir='ltr'><strong>εὶς</strong></span> <span class='ocrx_word' id='word_1_249' title='bbox 1154 763 1306 798; x_wconf 76' lang='grc' dir='ltr'>συνέδρια,</span> <span class='ocrx_word' id='word_1_250' title='bbox 1316 763 1359 798; x_wconf 79' lang='grc' dir='ltr'><em>μὴ</em></span> <span class='ocrx_word' id='word_1_251' title='bbox 1370 761 1580 797; x_wconf 60' lang='grc' dir='ltr'><strong>μεριμνήσητε,</strong></span> <span class='ocrx_word' id='word_1_252' title='bbox 1610 760 1684 793; x_wconf 82' lang='grc' dir='ltr'><strong>πῶς,</strong></span> <span class='ocrx_word' id='word_1_253' title='bbox 1706 760 1726 794; x_wconf 82' lang='grc' dir='ltr'>ἢ</span> <span class='ocrx_word' id='word_1_254' title='bbox 1744 760 1772 786; x_wconf 85' lang='grc' dir='ltr'><strong>τί</strong></span> <span class='ocrx_word' id='word_1_255' title='bbox 1788 759 1886 794; x_wconf 70' lang='grc' dir='ltr'><strong>λαλή-</strong></span> 
     </span>
    </p>
   </div>
   <div class='ocr_carea' id='block_1_32' title="bbox 1097 805 1886 845">
    <p class='ocr_par' dir='ltr' id='par_1_32' title="bbox 1097 805 1886 845">
     <span class='ocr_line' id='line_1_32' title="bbox 1097 805 1886 845; baseline -0.006 -8"><span class='ocrx_word' id='word_1_256' title='bbox 1097 818 1186 845; x_wconf 81' lang='grc' dir='ltr'>σητε·</span> <span class='ocrx_word' id='word_1_257' title='bbox 1204 809 1363 843; x_wconf 78' lang='grc' dir='ltr'><strong>δοθήσεται</strong></span> <span class='ocrx_word' id='word_1_258' title='bbox 1376 808 1432 842; x_wconf 77' lang='grc' dir='ltr'>γὰρ</span> <span class='ocrx_word' id='word_1_259' title='bbox 1447 807 1517 842; x_wconf 80' lang='grc' dir='ltr'><em>ὑμῖν</em></span> <span class='ocrx_word' id='word_1_260' title='bbox 1540 807 1576 834; x_wconf 89' lang='grc' dir='ltr'><strong>ὲν</strong></span> <span class='ocrx_word' id='word_1_261' title='bbox 1588 807 1688 840; x_wconf 78' lang='grc' dir='ltr'><strong>ἐκείνῃ</strong></span> <span class='ocrx_word' id='word_1_262' title='bbox 1705 805 1742 839; x_wconf 79' lang='grc' dir='ltr'><strong>τῇ</strong></span> <span class='ocrx_word' id='word_1_263' title='bbox 1759 805 1836 840; x_wconf 82' lang='grc' dir='ltr'><strong>ὥρᾳ,</strong></span> <span class='ocrx_word' id='word_1_264' title='bbox 1856 805 1886 832; x_wconf 76' lang='grc' dir='ltr'>τι</span> 
     </span>
    </p>
   </div>
   <div class='ocr_carea' id='block_1_33' title="bbox 1096 851 1886 889">
    <p class='ocr_par' dir='ltr' id='par_1_33' title="bbox 1096 851 1886 889">
     <span class='ocr_line' id='line_1_33' title="bbox 1096 851 1886 889; baseline -0.006 -7"><span class='ocrx_word' id='word_1_265' title='bbox 1096 855 1260 889; x_wconf 74' lang='grc' dir='ltr'><strong>λαλήσητε.</strong></span> <span class='ocrx_word' id='word_1_266' title='bbox 1280 855 1321 882; x_wconf 83' lang='grc' dir='ltr'><strong>οὑ</strong></span> <span class='ocrx_word' id='word_1_267' title='bbox 1332 854 1387 889; x_wconf 74' lang='grc' dir='ltr'>γὰρ</span> <span class='ocrx_word' id='word_1_268' title='bbox 1397 853 1480 889; x_wconf 83' lang='grc' dir='ltr'><strong>ὑμεῖς</strong></span> <span class='ocrx_word' id='word_1_269' title='bbox 1491 853 1561 880; x_wconf 80' lang='grc' dir='ltr'><strong>ἐστε</strong></span> <span class='ocrx_word' id='word_1_270' title='bbox 1573 853 1599 879; x_wconf 83' lang='lat' dir='ltr'><strong>al</strong></span> <span class='ocrx_word' id='word_1_271' title='bbox 1609 852 1785 884; x_wconf 76' lang='grc' dir='ltr'><strong>λαλοῦντες,</strong></span> <span class='ocrx_word' id='word_1_272' title='bbox 1803 851 1886 878; x_wconf 73' lang='grc' dir='ltr'><strong>ἀλλὰ</strong></span> 
     </span>
    </p>
   </div>
   <div class='ocr_carea' id='block_1_34' title="bbox 1097 897 1884 936">
    <p class='ocr_par' dir='ltr' id='par_1_34' title="bbox 1097 897 1884 936">
     <span class='ocr_line' id='line_1_34' title="bbox 1097 897 1884 936; baseline -0.008 -7"><span class='ocrx_word' id='word_1_273' title='bbox 1097 901 1130 928; x_wconf 82' lang='grc' dir='ltr'><strong>τὸ</strong></span> <span class='ocrx_word' id='word_1_274' title='bbox 1142 900 1262 936; x_wconf 80' lang='grc' dir='ltr'><strong>Πνεῦμα</strong></span> <span class='ocrx_word' id='word_1_275' title='bbox 1273 900 1326 928; x_wconf 85' lang='grc' dir='ltr'>τοῦ</span> <span class='ocrx_word' id='word_1_276' title='bbox 1342 899 1457 933; x_wconf 79' lang='grc' dir='ltr'>Πατρύς</span> <span class='ocrx_word' id='word_1_277' title='bbox 1470 897 1563 934; x_wconf 76' lang='grc' dir='ltr'><em>ὑμῶν,</em></span> <span class='ocrx_word' id='word_1_278' title='bbox 1579 898 1612 925; x_wconf 86' lang='grc' dir='ltr'><strong>τὸ</strong></span> <span class='ocrx_word' id='word_1_279' title='bbox 1627 897 1744 925; x_wconf 78' lang='grc' dir='ltr'>λαλοῦν</span> <span class='ocrx_word' id='word_1_280' title='bbox 1754 897 1789 924; x_wconf 85' lang='grc' dir='ltr'><strong>ὲν</strong></span> <span class='ocrx_word' id='word_1_281' title='bbox 1801 897 1884 931; x_wconf 84' lang='grc' dir='ltr'><em>ὑμῖν.</em></span> 
     </span>
    </p>
   </div>
   <div class='ocr_carea' id='block_1_35' title="bbox 1097 941 1886 980">
    <p class='ocr_par' dir='ltr' id='par_1_35' title="bbox 1097 941 1886 980">
     <span class='ocr_line' id='line_1_35' title="bbox 1097 941 1886 980; baseline -0.003 -9"><span class='ocrx_word' id='word_1_282' title='bbox 1097 945 1153 971; x_wconf 74' lang='grc' dir='ltr'><strong>Καὶ</strong></span> <span class='ocrx_word' id='word_1_283' title='bbox 1164 945 1208 970; x_wconf 76' lang='grc' dir='ltr'><strong>ὁτὲ</strong></span> <span class='ocrx_word' id='word_1_284' title='bbox 1221 943 1275 980; x_wconf 83' lang='grc'><strong>(18)</strong></span> <span class='ocrx_word' id='word_1_285' title='bbox 1292 944 1341 980; x_wconf 77' lang='grc' dir='ltr'><strong>μὲν</strong></span> <span class='ocrx_word' id='word_1_286' title='bbox 1356 945 1369 970; x_wconf 93' lang='lat'><strong>6</strong></span> <span class='ocrx_word' id='word_1_287' title='bbox 1388 943 1547 974; x_wconf 78' lang='grc' dir='ltr'>’Δπόστολος</span> <span class='ocrx_word' id='word_1_288' title='bbox 1559 942 1646 976; x_wconf 81' lang='grc' dir='ltr'>λέγει,</span> <span class='ocrx_word' id='word_1_289' title='bbox 1661 942 1701 968; x_wconf 82' lang='grc' dir='ltr'><strong>ὅτι</strong></span> <span class='ocrx_word' id='word_1_290' title='bbox 1719 941 1754 968; x_wconf 80' lang='grc' dir='ltr'><strong>τὰ</strong></span> <span class='ocrx_word' id='word_1_291' title='bbox 1769 941 1886 976; x_wconf 80' lang='grc' dir='ltr'>σώματα</span> 
     </span>
    </p>
   </div>
   <div class='ocr_carea' id='block_1_36' title="bbox 266 984 1048 1025">
    <p class='ocr_par' dir='ltr' id='par_1_36' title="bbox 266 990 1046 1025">
     <span class='ocr_line' id='line_1_36' title="bbox 266 990 1046 1025; baseline 0 -7"><span class='ocrx_word' id='word_1_292' title='bbox 266 991 387 1018; x_wconf 89' lang='lat' dir='ltr'><strong>membra</strong></span> <span class='ocrx_word' id='word_1_293' title='bbox 397 991 497 1018; x_wconf 86' lang='lat' dir='ltr'><strong>Christi</strong></span> <span class='ocrx_word' id='word_1_294' title='bbox 510 998 586 1024; x_wconf 88' lang='lat' dir='ltr'><strong>esse;</strong></span> <span class='ocrx_word' id='word_1_295' title='bbox 596 990 742 1024; x_wconf 83' lang='lat' dir='ltr'><strong>aliquando</strong></span> <span class='ocrx_word' id='word_1_296' title='bbox 760 990 834 1024; x_wconf 91' lang='lat' dir='ltr'><strong>ipsos</strong></span> <span class='ocrx_word' id='word_1_297' title='bbox 846 997 906 1018; x_wconf 87' lang='lat' dir='ltr'><strong>esse</strong></span> <span class='ocrx_word' id='word_1_298' title='bbox 917 991 1046 1025; x_wconf 81' lang='lat' dir='ltr'><strong>templum</strong></span> 
     </span>
    </p>
   </div>
   <div class='ocr_carea' id='block_1_37' title="bbox 1102 984 1886 1025">
    <p class='ocr_par' dir='ltr' id='par_1_37' title="bbox 1102 987 1886 1023">
     <span class='ocr_line' id='line_1_37' title="bbox 1102 987 1886 1023; baseline -0.004 -7"><span class='ocrx_word' id='word_1_299' title='bbox 1102 989 1152 1016; x_wconf 76' lang='grc' dir='ltr'><strong>τῶν</strong></span> <span class='ocrx_word' id='word_1_300' title='bbox 1166 989 1269 1016; x_wconf 83' lang='grc' dir='ltr'><strong>πιστῶν</strong></span> <span class='ocrx_word' id='word_1_301' title='bbox 1284 989 1346 1021; x_wconf 81' lang='grc' dir='ltr'>ναός</span> <span class='ocrx_word' id='word_1_302' title='bbox 1363 989 1422 1015; x_wconf 79' lang='grc' dir='ltr'>ἐστι</span> <span class='ocrx_word' id='word_1_303' title='bbox 1439 988 1487 1015; x_wconf 79' lang='grc' dir='ltr'>τοῦ</span> <span class='ocrx_word' id='word_1_304' title='bbox 1503 988 1578 1022; x_wconf 76' lang='grc' dir='ltr'>ἁγίου</span> <span class='ocrx_word' id='word_1_305' title='bbox 1600 987 1755 1023; x_wconf 79' lang='grc' dir='ltr'>Πνεύματος</span> <span class='ocrx_word' id='word_1_306' title='bbox 1766 1007 1774 1020; x_wconf 86' lang='grc'><em>,</em></span> <span class='ocrx_word' id='word_1_307' title='bbox 1790 987 1836 1014; x_wconf 78' lang='grc' dir='ltr'><strong>ὁτὲ</strong></span> <span class='ocrx_word' id='word_1_308' title='bbox 1857 987 1886 1014; x_wconf 74' lang='grc' dir='ltr'>δὲ</span> 
     </span>
    </p>
   </div>
   <div class='ocr_carea' id='block_1_38' title="bbox 266 1035 1049 1070">
    <p class='ocr_par' dir='ltr' id='par_1_38' title="bbox 266 1035 1049 1070">
     <span class='ocr_line' id='line_1_38' title="bbox 266 1035 1049 1070; baseline 0 -6"><span class='ocrx_word' id='word_1_309' title='bbox 266 1037 372 1064; x_wconf 80' lang='lat' dir='ltr'><strong>Patris:</strong></span> <span class='ocrx_word' id='word_1_310' title='bbox 395 1035 442 1063; x_wconf 83' lang='lat' dir='ltr'><strong>Vos</strong></span> <span class='ocrx_word' id='word_1_311' title='bbox 463 1036 542 1068; x_wconf 90' lang='lat' dir='ltr'><strong>enim,</strong></span> <span class='ocrx_word' id='word_1_312' title='bbox 566 1036 663 1070; x_wconf 80' lang='lat' dir='ltr'><strong>inquit,</strong></span> <span class='ocrx_word' id='word_1_313' title='bbox 687 1035 749 1062; x_wconf 80' lang='lat' dir='ltr'><strong>estis</strong></span> <span class='ocrx_word' id='word_1_314' title='bbox 771 1035 895 1070; x_wconf 79' lang='lat' dir='ltr'><strong>templum</strong></span> <span class='ocrx_word' id='word_1_315' title='bbox 915 1035 962 1063; x_wconf 87' lang='lat' dir='ltr'><strong>Dei</strong></span> <span class='ocrx_word' id='word_1_316' title='bbox 978 1037 1049 1064; x_wconf 84' lang='lat' dir='ltr'><strong>oivi:</strong></span> 
     </span>
    </p>
   </div>
   <div class='ocr_carea' id='block_1_39' title="bbox 266 1082 1049 1117">
    <p class='ocr_par' dir='ltr' id='par_1_39' title="bbox 266 1082 1049 1117">
     <span class='ocr_line' id='line_1_39' title="bbox 266 1082 1049 1117; baseline 0 -7"><span class='ocrx_word' id='word_1_317' title='bbox 266 1084 344 1110; x_wconf 86' lang='lat' dir='ltr'><strong>sicuti</strong></span> <span class='ocrx_word' id='word_1_318' title='bbox 358 1083 421 1109; x_wconf 83' lang='lat' dir='ltr'><strong>dicit</strong></span> <span class='ocrx_word' id='word_1_319' title='bbox 434 1082 502 1110; x_wconf 73' lang='lat' dir='ltr'><strong>Deus</strong></span> <span class='ocrx_word' id='word_1_320' title='bbox 514 1091 523 1110; x_wconf 93' lang='lat'><em>:</em></span> <span class='ocrx_word' id='word_1_321' title='bbox 536 1083 660 1117; x_wconf 85' lang='lat' dir='ltr'><strong>quoniam</strong></span> <span class='ocrx_word' id='word_1_322' title='bbox 673 1082 823 1109; x_wconf 81' lang='lat' dir='ltr'><strong>inltabitabo</strong></span> <span class='ocrx_word' id='word_1_323' title='bbox 843 1083 868 1109; x_wconf 88' lang='lat' dir='ltr'><strong>in</strong></span> <span class='ocrx_word' id='word_1_324' title='bbox 885 1083 952 1114; x_wconf 83' lang='lat' dir='ltr'><strong>illis,</strong></span> <span class='ocrx_word' id='word_1_325' title='bbox 968 1087 993 1110; x_wconf 89' lang='lat' dir='ltr'><strong>et</strong></span> <span class='ocrx_word' id='word_1_326' title='bbox 1007 1083 1049 1110; x_wconf 86' lang='lat' dir='ltr'><strong>in-</strong></span> 
     </span>
    </p>
   </div>
   <div class='ocr_carea' id='block_1_40' title="bbox 267 1127 1049 1162">
    <p class='ocr_par' dir='ltr' id='par_1_40' title="bbox 267 1127 1049 1162">
     <span class='ocr_line' id='line_1_40' title="bbox 267 1127 1049 1162; baseline 0 -6"><span class='ocrx_word' id='word_1_327' title='bbox 267 1129 449 1161; x_wconf 75' lang='lat' dir='ltr'><strong>anibulabo,et</strong></span> <span class='ocrx_word' id='word_1_328' title='bbox 471 1137 515 1155; x_wconf 88' lang='lat' dir='ltr'><strong>ero</strong></span> <span class='ocrx_word' id='word_1_329' title='bbox 537 1128 644 1154; x_wconf 89' lang='lat' dir='ltr'><strong>illorum</strong></span> <span class='ocrx_word' id='word_1_330' title='bbox 658 1127 738 1160; x_wconf 81' lang='lat' dir='ltr'><strong>Deus,</strong></span> <span class='ocrx_word' id='word_1_331' title='bbox 762 1132 786 1154; x_wconf 85' lang='lat' dir='ltr'><strong>et</strong></span> <span class='ocrx_word' id='word_1_332' title='bbox 812 1129 863 1162; x_wconf 85' lang='lat' dir='ltr'><strong>ipsi</strong></span> <span class='ocrx_word' id='word_1_333' title='bbox 885 1133 961 1155; x_wconf 88' lang='lat' dir='ltr'><strong>erunt</strong></span> <span class='ocrx_word' id='word_1_334' title='bbox 985 1129 1049 1156; x_wconf 81' lang='lat' dir='ltr'><strong>mihi</strong></span> 
     </span>
    </p>
   </div>
   <div class='ocr_carea' id='block_1_41' title="bbox 267 1173 1050 1209">
    <p class='ocr_par' dir='ltr' id='par_1_41' title="bbox 267 1173 1050 1209">
     <span class='ocr_line' id='line_1_41' title="bbox 267 1173 1050 1209; baseline 0 -7"><span class='ocrx_word' id='word_1_335' title='bbox 267 1175 377 1209; x_wconf 85' lang='lat' dir='ltr'><strong>populus</strong></span> <span class='ocrx_word' id='word_1_336' title='bbox 390 1175 423 1202; x_wconf 79' lang='lat'><strong>&quot;.</strong></span> <span class='ocrx_word' id='word_1_337' title='bbox 440 1174 482 1206; x_wconf 85' lang='lat' dir='ltr'><strong>Et,</strong></span> <span class='ocrx_word' id='word_1_338' title='bbox 503 1173 532 1200; x_wconf 88' lang='lat' dir='ltr'><strong>Si</strong></span> <span class='ocrx_word' id='word_1_339' title='bbox 552 1174 610 1208; x_wconf 79' lang='lat' dir='ltr'><strong>quis</strong></span> <span class='ocrx_word' id='word_1_340' title='bbox 623 1173 756 1201; x_wconf 82' lang='lat' dir='ltr'><strong>violaverit</strong></span> <span class='ocrx_word' id='word_1_341' title='bbox 770 1174 895 1208; x_wconf 85' lang='lat' dir='ltr'><strong>templum</strong></span> <span class='ocrx_word' id='word_1_342' title='bbox 913 1174 977 1207; x_wconf 85' lang='lat' dir='ltr'><strong>Dei,</strong></span> <span class='ocrx_word' id='word_1_343' title='bbox 994 1175 1050 1202; x_wconf 83' lang='lat' dir='ltr'><strong>dis-</strong></span> 
     </span>
    </p>
   </div>
   <div class='ocr_carea' id='block_1_42' title="bbox 267 1218 1050 1255">
    <p class='ocr_par' dir='ltr' id='par_1_42' title="bbox 267 1218 1050 1255">
     <span class='ocr_line' id='line_1_42' title="bbox 267 1218 1050 1255; baseline 0 -9"><span class='ocrx_word' id='word_1_344' title='bbox 267 1220 356 1255; x_wconf 82' lang='lat' dir='ltr'><strong>perdet</strong></span> <span class='ocrx_word' id='word_1_345' title='bbox 370 1219 446 1246; x_wconf 88' lang='lat' dir='ltr'><strong>illum</strong></span> <span class='ocrx_word' id='word_1_346' title='bbox 458 1219 528 1246; x_wconf 87' lang='lat' dir='ltr'><strong>Deus</strong></span> <span class='ocrx_word' id='word_1_347' title='bbox 544 1219 576 1246; x_wconf 62' lang='lat'><strong>’3.</strong></span> <span class='ocrx_word' id='word_1_348' title='bbox 593 1218 626 1246; x_wconf 87' lang='lat' dir='ltr'><strong>Et</strong></span> <span class='ocrx_word' id='word_1_349' title='bbox 641 1227 760 1252; x_wconf 82' lang='lat' dir='ltr'><strong>rursum,</strong></span> <span class='ocrx_word' id='word_1_350' title='bbox 779 1218 894 1246; x_wconf 80' lang='lat' dir='ltr'><strong>Nescitis</strong></span> <span class='ocrx_word' id='word_1_351' title='bbox 912 1220 974 1255; x_wconf 86' lang='lat' dir='ltr'><strong>quia</strong></span> <span class='ocrx_word' id='word_1_352' title='bbox 985 1224 1050 1246; x_wconf 87' lang='lat' dir='ltr'><strong>tem-</strong></span> 
     </span>
    </p>
   </div>
   <div class='ocr_carea' id='block_1_43' title="bbox 267 1263 1050 1300">
    <p class='ocr_par' dir='ltr' id='par_1_43' title="bbox 267 1263 1050 1300">
     <span class='ocr_line' id='line_1_43' title="bbox 267 1263 1050 1300; baseline 0 -8"><span class='ocrx_word' id='word_1_353' title='bbox 267 1265 340 1300; x_wconf 83' lang='lat' dir='ltr'><strong>plum</strong></span> <span class='ocrx_word' id='word_1_354' title='bbox 355 1265 403 1292; x_wconf 72' lang='lat' dir='ltr'><strong>Dci</strong></span> <span class='ocrx_word' id='word_1_355' title='bbox 422 1265 495 1296; x_wconf 79' lang='lat' dir='ltr'><strong>estis,</strong></span> <span class='ocrx_word' id='word_1_356' title='bbox 516 1269 542 1292; x_wconf 86' lang='lat' dir='ltr'><strong>et</strong></span> <span class='ocrx_word' id='word_1_357' title='bbox 557 1263 671 1298; x_wconf 80' lang='lat' dir='ltr'><strong>Spiritus</strong></span> <span class='ocrx_word' id='word_1_358' title='bbox 692 1264 738 1291; x_wconf 89' lang='lat' dir='ltr'><strong>Dei</strong></span> <span class='ocrx_word' id='word_1_359' title='bbox 761 1264 862 1291; x_wconf 83' lang='lat' dir='ltr'><strong>habitat</strong></span> <span class='ocrx_word' id='word_1_360' title='bbox 877 1265 904 1291; x_wconf 86' lang='lat' dir='ltr'><strong>in</strong></span> <span class='ocrx_word' id='word_1_361' title='bbox 920 1264 991 1292; x_wconf 84' lang='lat' dir='ltr'><strong>vobis</strong></span> <span class='ocrx_word' id='word_1_362' title='bbox 1004 1265 1050 1292; x_wconf 79' lang='lat'><strong>“?</strong></span> 
     </span>
    </p>
   </div>
   <div class='ocr_carea' id='block_1_44' title="bbox 270 1308 1050 1344">
    <p class='ocr_par' dir='ltr' id='par_1_44' title="bbox 270 1308 1050 1344">
     <span class='ocr_line' id='line_1_44' title="bbox 270 1308 1050 1344; baseline -0.001 -7"><span class='ocrx_word' id='word_1_363' title='bbox 270 1310 298 1337; x_wconf 85' lang='lat' dir='ltr'><strong>Si</strong></span> <span class='ocrx_word' id='word_1_364' title='bbox 313 1310 374 1344; x_wconf 84' lang='lat' dir='ltr'><strong>quis</strong></span> <span class='ocrx_word' id='word_1_365' title='bbox 389 1309 461 1336; x_wconf 89' lang='lat' dir='ltr'><strong>enim</strong></span> <span class='ocrx_word' id='word_1_366' title='bbox 478 1313 520 1336; x_wconf 89' lang='lat' dir='ltr'><strong>est</strong></span> <span class='ocrx_word' id='word_1_367' title='bbox 538 1309 666 1344; x_wconf 87' lang='lat' dir='ltr'><strong>templum</strong></span> <span class='ocrx_word' id='word_1_368' title='bbox 682 1308 810 1343; x_wconf 89' lang='lat' dir='ltr'><strong>Spiritus,</strong></span> <span class='ocrx_word' id='word_1_369' title='bbox 826 1309 849 1336; x_wconf 92' lang='lat' dir='ltr'><strong>is</strong></span> <span class='ocrx_word' id='word_1_370' title='bbox 861 1309 988 1344; x_wconf 81' lang='lat' dir='ltr'><strong>templum</strong></span> <span class='ocrx_word' id='word_1_371' title='bbox 1008 1313 1050 1336; x_wconf 88' lang='lat' dir='ltr'><strong>est</strong></span> 
     </span>
    </p>
   </div>
   <div class='ocr_carea' id='block_1_45' title="bbox 270 1355 1048 1390">
    <p class='ocr_par' dir='ltr' id='par_1_45' title="bbox 270 1355 1048 1390">
     <span class='ocr_line' id='line_1_45' title="bbox 270 1355 1048 1390; baseline 0 -6"><span class='ocrx_word' id='word_1_372' title='bbox 270 1357 331 1385; x_wconf 84' lang='lat' dir='ltr'><strong>Filii</strong></span> <span class='ocrx_word' id='word_1_373' title='bbox 344 1362 370 1385; x_wconf 88' lang='lat' dir='ltr'><strong>et</strong></span> <span class='ocrx_word' id='word_1_374' title='bbox 389 1356 486 1384; x_wconf 82' lang='lat' dir='ltr'><strong>Patris.</strong></span> <span class='ocrx_word' id='word_1_375' title='bbox 499 1355 550 1384; x_wconf 89' lang='lat' dir='ltr'><strong>Ubi</strong></span> <span class='ocrx_word' id='word_1_376' title='bbox 569 1357 640 1384; x_wconf 88' lang='lat' dir='ltr'><strong>enim</strong></span> <span class='ocrx_word' id='word_1_377' title='bbox 655 1356 774 1390; x_wconf 84' lang='lat' dir='ltr'><strong>Spiritus</strong></span> <span class='ocrx_word' id='word_1_378' title='bbox 796 1356 841 1383; x_wconf 85' lang='lat' dir='ltr'><strong>Dei</strong></span> <span class='ocrx_word' id='word_1_379' title='bbox 859 1356 972 1387; x_wconf 86' lang='lat' dir='ltr'><strong>habitat,</strong></span> <span class='ocrx_word' id='word_1_380' title='bbox 993 1356 1048 1384; x_wconf 88' lang='lat' dir='ltr'><strong>illic</strong></span> 
     </span>
    </p>
   </div>
   <div class='ocr_carea' id='block_1_46' title="bbox 270 1400 1048 1432">
    <p class='ocr_par' dir='ltr' id='par_1_46' title="bbox 270 1400 1048 1432">
     <span class='ocr_line' id='line_1_46' title="bbox 270 1400 1048 1432; baseline -0.005 -2"><span class='ocrx_word' id='word_1_381' title='bbox 270 1403 340 1430; x_wconf 87' lang='lat' dir='ltr'><strong>Deus</strong></span> <span class='ocrx_word' id='word_1_382' title='bbox 354 1402 465 1430; x_wconf 84' lang='lat' dir='ltr'><strong>habitat.</strong></span> <span class='ocrx_word' id='word_1_383' title='bbox 481 1401 525 1432; x_wconf 83' lang='lat' dir='ltr'><strong>Et,</strong></span> <span class='ocrx_word' id='word_1_384' title='bbox 538 1401 612 1428; x_wconf 82' lang='lat' dir='ltr'><strong>Sicut</strong></span> <span class='ocrx_word' id='word_1_385' title='bbox 625 1400 707 1427; x_wconf 83' lang='lat' dir='ltr'><strong>Pater</strong></span> <span class='ocrx_word' id='word_1_386' title='bbox 720 1402 830 1427; x_wconf 82' lang='lat' dir='ltr'><strong>suscitat</strong></span> <span class='ocrx_word' id='word_1_387' title='bbox 842 1405 958 1427; x_wconf 86' lang='lat' dir='ltr'><strong>mortuos</strong></span> <span class='ocrx_word' id='word_1_388' title='bbox 971 1405 995 1427; x_wconf 90' lang='lat' dir='ltr'><strong>et</strong></span> <span class='ocrx_word' id='word_1_389' title='bbox 1006 1401 1048 1427; x_wconf 73' lang='grc' dir='ltr'><strong>υἱ-</strong></span> 
     </span>
    </p>
   </div>
   <div class='ocr_carea' id='block_1_47' title="bbox 269 1445 1048 1482">
    <p class='ocr_par' dir='ltr' id='par_1_47' title="bbox 269 1445 1048 1482">
     <span class='ocr_line' id='line_1_47' title="bbox 269 1445 1048 1482; baseline -0.001 -8"><span class='ocrx_word' id='word_1_390' title='bbox 269 1448 374 1482; x_wconf 79' lang='lat' dir='ltr'><strong>uiﬁcat,‘</strong></span> <span class='ocrx_word' id='word_1_391' title='bbox 392 1447 429 1474; x_wconf 86' lang='lat' dir='ltr'><strong>sic</strong></span> <span class='ocrx_word' id='word_1_392' title='bbox 443 1450 468 1473; x_wconf 85' lang='lat' dir='ltr'><strong>et</strong></span> <span class='ocrx_word' id='word_1_393' title='bbox 487 1445 575 1473; x_wconf 87' lang='lat' dir='ltr'><strong>Filius</strong></span> <span class='ocrx_word' id='word_1_394' title='bbox 592 1454 656 1481; x_wconf 84' lang='lat' dir='ltr'><strong>quas</strong></span> <span class='ocrx_word' id='word_1_395' title='bbox 669 1445 723 1472; x_wconf 87' lang='lat' dir='ltr'><strong>vult</strong></span> <span class='ocrx_word' id='word_1_396' title='bbox 743 1446 855 1480; x_wconf 81' lang='lat' dir='ltr'><strong>uiviﬁcat</strong></span> <span class='ocrx_word' id='word_1_397' title='bbox 867 1446 900 1473; x_wconf 81' lang='lat'><strong>&quot;.</strong></span> <span class='ocrx_word' id='word_1_398' title='bbox 918 1446 1048 1473; x_wconf 81' lang='lat' dir='ltr'><strong>Similiter</strong></span> 
     </span>
    </p>
   </div>
   <div class='ocr_carea' id='block_1_48' title="bbox 267 1491 1049 1528">
    <p class='ocr_par' dir='ltr' id='par_1_48' title="bbox 267 1491 1049 1528">
     <span class='ocr_line' id='line_1_48' title="bbox 267 1491 1049 1528; baseline -0.004 -7"><span class='ocrx_word' id='word_1_399' title='bbox 267 1494 301 1521; x_wconf 89' lang='lat' dir='ltr'><strong>do</strong></span> <span class='ocrx_word' id='word_1_400' title='bbox 314 1493 414 1528; x_wconf 88' lang='lat' dir='ltr'><strong>Spiritu</strong></span> <span class='ocrx_word' id='word_1_401' title='bbox 425 1498 520 1520; x_wconf 90' lang='lat' dir='ltr'><strong>sancto</strong></span> <span class='ocrx_word' id='word_1_402' title='bbox 533 1493 598 1519; x_wconf 84' lang='lat' dir='ltr'><strong>dicit</strong></span> <span class='ocrx_word' id='word_1_403' title='bbox 608 1501 614 1518; x_wconf 91' lang='lat'><strong>:</strong></span> <span class='ocrx_word' id='word_1_404' title='bbox 624 1491 739 1527; x_wconf 80' lang='lat' dir='ltr'><strong>Spiritus</strong></span> <span class='ocrx_word' id='word_1_405' title='bbox 751 1497 789 1519; x_wconf 84' lang='lat' dir='ltr'><strong>est</strong></span> <span class='ocrx_word' id='word_1_406' title='bbox 799 1493 843 1526; x_wconf 88' lang='lat' dir='ltr'><strong>qui</strong></span> <span class='ocrx_word' id='word_1_407' title='bbox 855 1492 978 1527; x_wconf 80' lang='lat' dir='ltr'><strong>vivi/ictu,</strong></span> <span class='ocrx_word' id='word_1_408' title='bbox 987 1501 1049 1519; x_wconf 85' lang='lat' dir='ltr'><strong>caro</strong></span> 
     </span>
    </p>
   </div>
   <div class='ocr_carea' id='block_1_49' title="bbox 269 1537 1049 1575">
    <p class='ocr_par' dir='ltr' id='par_1_49' title="bbox 269 1537 1049 1575">
     <span class='ocr_line' id='line_1_49' title="bbox 269 1537 1049 1575; baseline -0.001 -9"><span class='ocrx_word' id='word_1_409' title='bbox 269 1548 319 1566; x_wconf 83' lang='lat' dir='ltr'><strong>non</strong></span> <span class='ocrx_word' id='word_1_410' title='bbox 333 1539 437 1573; x_wconf 82' lang='lat' dir='ltr'><strong>prodest</strong></span> <span class='ocrx_word' id='word_1_411' title='bbox 449 1538 592 1573; x_wconf 81' lang='lat' dir='ltr'><strong>quidquam</strong></span> <span class='ocrx_word' id='word_1_412' title='bbox 602 1539 636 1565; x_wconf 79' lang='lat'><strong>“.</strong></span> <span class='ocrx_word' id='word_1_413' title='bbox 650 1538 689 1565; x_wconf 83' lang='lat' dir='ltr'><strong>Ad</strong></span> <span class='ocrx_word' id='word_1_414' title='bbox 703 1537 860 1566; x_wconf 86' lang='lat' dir='ltr'><strong>Corinthios</strong></span> <span class='ocrx_word' id='word_1_415' title='bbox 876 1542 967 1575; x_wconf 77' lang='lat' dir='ltr'><strong>autem</strong></span> <span class='ocrx_word' id='word_1_416' title='bbox 981 1538 1049 1566; x_wconf 80' lang='lat' dir='ltr'><strong>seri-</strong></span> 
     </span>
    </p>
   </div>
   <div class='ocr_carea' id='block_1_50' title="bbox 270 1583 1048 1620">
    <p class='ocr_par' dir='ltr' id='par_1_50' title="bbox 270 1583 1048 1620">
     <span class='ocr_line' id='line_1_50' title="bbox 270 1583 1048 1620; baseline -0.001 -7"><span class='ocrx_word' id='word_1_417' title='bbox 270 1586 309 1613; x_wconf 89' lang='lat' dir='ltr'><strong>bit</strong></span> <span class='ocrx_word' id='word_1_418' title='bbox 324 1585 424 1612; x_wconf 80' lang='lat' dir='ltr'><strong>Paulus</strong></span> <span class='ocrx_word' id='word_1_419' title='bbox 437 1594 444 1612; x_wconf 89' lang='lat'><strong>:</strong></span> <span class='ocrx_word' id='word_1_420' title='bbox 461 1583 575 1620; x_wconf 84' lang='lat' dir='ltr'><strong>Spiritus</strong></span> <span class='ocrx_word' id='word_1_421' title='bbox 588 1588 676 1611; x_wconf 86' lang='lat' dir='ltr'><strong>autem</strong></span> <span class='ocrx_word' id='word_1_422' title='bbox 689 1584 803 1618; x_wconf 78' lang='lat' dir='ltr'><strong>viviﬁcat</strong></span> <span class='ocrx_word' id='word_1_423' title='bbox 814 1584 848 1611; x_wconf 76' lang='grc'><strong>’⁷.</strong></span> <span class='ocrx_word' id='word_1_424' title='bbox 867 1583 950 1612; x_wconf 85' lang='lat' dir='ltr'><strong>Vides</strong></span> <span class='ocrx_word' id='word_1_425' title='bbox 967 1591 1048 1619; x_wconf 82' lang='lat' dir='ltr'><strong>opera</strong></span> 
     </span>
    </p>
   </div>
   <div class='ocr_carea' id='block_1_51' title="bbox 269 1629 1048 1667">
    <p class='ocr_par' dir='ltr' id='par_1_51' title="bbox 269 1629 1048 1667">
     <span class='ocr_line' id='line_1_51' title="bbox 269 1629 1048 1667; baseline -0.004 -8"><span class='ocrx_word' id='word_1_426' title='bbox 269 1639 330 1667; x_wconf 77' lang='lat' dir='ltr'><strong>quae</strong></span> <span class='ocrx_word' id='word_1_427' title='bbox 342 1631 430 1659; x_wconf 82' lang='lat' dir='ltr'><strong>Patris</strong></span> <span class='ocrx_word' id='word_1_428' title='bbox 445 1635 519 1664; x_wconf 78' lang='lat' dir='ltr'><strong>sunt,</strong></span> <span class='ocrx_word' id='word_1_429' title='bbox 535 1631 593 1665; x_wconf 89' lang='lat' dir='ltr'><strong>ipsa</strong></span> <span class='ocrx_word' id='word_1_430' title='bbox 613 1629 683 1663; x_wconf 81' lang='lat' dir='ltr'><strong>Filii,</strong></span> <span class='ocrx_word' id='word_1_431' title='bbox 698 1630 791 1657; x_wconf 84' lang='lat' dir='ltr'><strong>eadem</strong></span> <span class='ocrx_word' id='word_1_432' title='bbox 804 1637 913 1664; x_wconf 88' lang='lat' dir='ltr'><strong>quoque</strong></span> <span class='ocrx_word' id='word_1_433' title='bbox 931 1629 1048 1664; x_wconf 91' lang='lat' dir='ltr'><strong>Spiritus</strong></span> 
     </span>
    </p>
   </div>
   <div class='ocr_carea' id='block_1_52' title="bbox 269 1674 1049 1711">
    <p class='ocr_par' dir='ltr' id='par_1_52' title="bbox 269 1674 1049 1711">
     <span class='ocr_line' id='line_1_52' title="bbox 269 1674 1049 1711; baseline -0.004 -6"><span class='ocrx_word' id='word_1_434' title='bbox 269 1678 355 1705; x_wconf 84' lang='lat' dir='ltr'><strong>sancti</strong></span> <span class='ocrx_word' id='word_1_435' title='bbox 366 1684 436 1708; x_wconf 84' lang='lat' dir='ltr'><strong>esse,</strong></span> <span class='ocrx_word' id='word_1_436' title='bbox 444 1682 474 1704; x_wconf 90' lang='lat' dir='ltr'><strong>ut</strong></span> <span class='ocrx_word' id='word_1_437' title='bbox 485 1675 569 1711; x_wconf 86' lang='lat' dir='ltr'><strong>Scripl</strong></span> <span class='ocrx_word' id='word_1_438' title='bbox 576 1683 624 1703; x_wconf 83' lang='lat' dir='ltr'><strong>ura</strong></span> <span class='ocrx_word' id='word_1_439' title='bbox 633 1679 755 1702; x_wconf 81' lang='lat' dir='ltr'><strong>testatur.</strong></span> <span class='ocrx_word' id='word_1_440' title='bbox 766 1674 800 1703; x_wconf 89' lang='lat' dir='ltr'><strong>Ut</strong></span> <span class='ocrx_word' id='word_1_441' title='bbox 808 1679 834 1702; x_wconf 90' lang='lat' dir='ltr'><strong>et</strong></span> <span class='ocrx_word' id='word_1_442' title='bbox 842 1675 1049 1710; x_wconf 82' lang='lat' dir='ltr'><strong>ipseApostolus</strong></span> 
     </span>
    </p>
   </div>
   <div class='ocr_carea' id='block_1_53' title="bbox 269 1721 1047 1756">
    <p class='ocr_par' dir='ltr' id='par_1_53' title="bbox 269 1721 1047 1756">
     <span class='ocr_line' id='line_1_53' title="bbox 269 1721 1047 1756; baseline -0.003 -6"><span class='ocrx_word' id='word_1_443' title='bbox 269 1722 313 1750; x_wconf 89' lang='lat' dir='ltr'><strong>his</strong></span> <span class='ocrx_word' id='word_1_444' title='bbox 327 1723 420 1750; x_wconf 89' lang='lat' dir='ltr'><strong>docuit</strong></span> <span class='ocrx_word' id='word_1_445' title='bbox 434 1722 542 1750; x_wconf 86' lang='lat' dir='ltr'><strong>verbis:</strong></span> <span class='ocrx_word' id='word_1_446' title='bbox 557 1721 703 1748; x_wconf 82' lang='lat' dir='ltr'><strong>Diuisiones</strong></span> <span class='ocrx_word' id='word_1_447' title='bbox 723 1729 782 1748; x_wconf 70' lang='lat' dir='ltr'><strong>tero</strong></span> <span class='ocrx_word' id='word_1_448' title='bbox 808 1721 954 1756; x_wconf 84' lang='lat' dir='ltr'><strong>gratiarum</strong></span> <span class='ocrx_word' id='word_1_449' title='bbox 975 1726 1047 1753; x_wconf 87' lang='lat' dir='ltr'><strong>sunt,</strong></span> 
     </span>
    </p>
   </div>
   <div class='ocr_carea' id='block_1_54' title="bbox 268 1767 1050 1802">
    <p class='ocr_par' dir='ltr' id='par_1_54' title="bbox 268 1767 1050 1802">
     <span class='ocr_line' id='line_1_54' title="bbox 268 1767 1050 1802; baseline -0.001 -7"><span class='ocrx_word' id='word_1_450' title='bbox 268 1769 339 1796; x_wconf 79' lang='lat' dir='ltr'><strong>idem</strong></span> <span class='ocrx_word' id='word_1_451' title='bbox 350 1772 436 1795; x_wconf 84' lang='lat' dir='ltr'><strong>autem</strong></span> <span class='ocrx_word' id='word_1_452' title='bbox 449 1767 565 1802; x_wconf 87' lang='lat' dir='ltr'><strong>Spiritus</strong></span> <span class='ocrx_word' id='word_1_453' title='bbox 576 1775 585 1798; x_wconf 89' lang='grc'><em>;</em></span> <span class='ocrx_word' id='word_1_454' title='bbox 597 1767 677 1802; x_wconf 81' lang='lat'><strong>705</strong></span> <span class='ocrx_word' id='word_1_455' title='bbox 688 1772 712 1794; x_wconf 86' lang='lat' dir='ltr'><strong>et</strong></span> <span class='ocrx_word' id='word_1_456' title='bbox 724 1767 862 1794; x_wconf 74' lang='lat' dir='ltr'><strong>divisiones</strong></span> <span class='ocrx_word' id='word_1_457' title='bbox 877 1768 1050 1794; x_wconf 84' lang='lat' dir='ltr'><strong>ministratio-</strong></span> 
     </span>
    </p>
   </div>
   <div class='ocr_carea' id='block_1_55' title="bbox 270 1813 1050 1847">
    <p class='ocr_par' dir='ltr' id='par_1_55' title="bbox 270 1813 1050 1847">
     <span class='ocr_line' id='line_1_55' title="bbox 270 1813 1050 1847; baseline 0 -7"><span class='ocrx_word' id='word_1_458' title='bbox 270 1821 332 1841; x_wconf 87' lang='lat' dir='ltr'><strong>num</strong></span> <span class='ocrx_word' id='word_1_459' title='bbox 346 1819 418 1847; x_wconf 87' lang='lat' dir='ltr'><strong>sunt,</strong></span> <span class='ocrx_word' id='word_1_460' title='bbox 432 1814 502 1841; x_wconf 88' lang='lat' dir='ltr'><strong>idem</strong></span> <span class='ocrx_word' id='word_1_461' title='bbox 523 1818 609 1840; x_wconf 82' lang='lat' dir='ltr'><strong>autem</strong></span> <span class='ocrx_word' id='word_1_462' title='bbox 624 1813 773 1840; x_wconf 86' lang='lat' dir='ltr'><strong>Dominus:</strong></span> <span class='ocrx_word' id='word_1_463' title='bbox 788 1818 812 1839; x_wconf 88' lang='lat' dir='ltr'><strong>et</strong></span> <span class='ocrx_word' id='word_1_464' title='bbox 829 1813 969 1840; x_wconf 83' lang='lat' dir='ltr'><strong>divisiones</strong></span> <span class='ocrx_word' id='word_1_465' title='bbox 990 1821 1050 1847; x_wconf 80' lang='lat' dir='ltr'><strong>ope-</strong></span> 
     </span>
    </p>
   </div>
   <div class='ocr_carea' id='block_1_56' title="bbox 269 1858 1050 1893">
    <p class='ocr_par' dir='ltr' id='par_1_56' title="bbox 269 1858 1050 1893">
     <span class='ocr_line' id='line_1_56' title="bbox 269 1858 1050 1893; baseline -0.003 -7"><span class='ocrx_word' id='word_1_466' title='bbox 269 1861 403 1887; x_wconf 86' lang='lat' dir='ltr'><strong>rationum</strong></span> <span class='ocrx_word' id='word_1_467' title='bbox 418 1864 489 1892; x_wconf 84' lang='lat' dir='ltr'><strong>sunt,</strong></span> <span class='ocrx_word' id='word_1_468' title='bbox 505 1859 573 1886; x_wconf 83' lang='lat' dir='ltr'><strong>idem</strong></span> <span class='ocrx_word' id='word_1_469' title='bbox 586 1866 644 1885; x_wconf 86' lang='lat' dir='ltr'><strong>uero</strong></span> <span class='ocrx_word' id='word_1_470' title='bbox 660 1858 740 1890; x_wconf 86' lang='lat' dir='ltr'><strong>Deus,</strong></span> <span class='ocrx_word' id='word_1_471' title='bbox 755 1859 799 1893; x_wconf 87' lang='lat' dir='ltr'><strong>qui</strong></span> <span class='ocrx_word' id='word_1_472' title='bbox 820 1863 942 1893; x_wconf 84' lang='lat' dir='ltr'><strong>operatur</strong></span> <span class='ocrx_word' id='word_1_473' title='bbox 961 1859 1050 1885; x_wconf 85' lang='lat' dir='ltr'><strong>omnia</strong></span> 
     </span>
    </p>
   </div>
   <div class='ocr_carea' id='block_1_57' title="bbox 270 1903 1049 1944">
    <p class='ocr_par' dir='ltr' id='par_1_57' title="bbox 270 1903 1049 1944">
     <span class='ocr_line' id='line_1_57' title="bbox 270 1903 1049 1944; baseline -0.001 -12"><span class='ocrx_word' id='word_1_474' title='bbox 270 1907 298 1944; x_wconf 70' lang='lat' dir='ltr'><strong>in</strong></span> <span class='ocrx_word' id='word_1_475' title='bbox 310 1906 429 1932; x_wconf 84' lang='lat' dir='ltr'><strong>omnibus</strong></span> <span class='ocrx_word' id='word_1_476' title='bbox 450 1905 482 1932; x_wconf 78' lang='lat'><strong>&quot;.</strong></span> <span class='ocrx_word' id='word_1_477' title='bbox 501 1904 534 1932; x_wconf 89' lang='lat' dir='ltr'><strong>Et</strong></span> <span class='ocrx_word' id='word_1_478' title='bbox 560 1910 703 1940; x_wconf 84' lang='lat' dir='ltr'><strong>postquam</strong></span> <span class='ocrx_word' id='word_1_479' title='bbox 721 1904 790 1931; x_wconf 85' lang='lat' dir='ltr'><strong>dixit</strong></span> <span class='ocrx_word' id='word_1_480' title='bbox 811 1903 920 1931; x_wconf 81' lang='lat' dir='ltr'><strong>Patrem</strong></span> <span class='ocrx_word' id='word_1_481' title='bbox 942 1904 1049 1939; x_wconf 86' lang='lat' dir='ltr'><strong>operari</strong></span> 
     </span>
    </p>
   </div>
   <div class='ocr_carea' id='block_1_58' title="bbox 269 1950 1048 1986">
    <p class='ocr_par' dir='ltr' id='par_1_58' title="bbox 269 1950 1048 1986">
     <span class='ocr_line' id='line_1_58' title="bbox 269 1950 1048 1986; baseline -0.001 -7"><span class='ocrx_word' id='word_1_482' title='bbox 269 1952 360 1979; x_wconf 88' lang='lat' dir='ltr'><strong>omnia</strong></span> <span class='ocrx_word' id='word_1_483' title='bbox 372 1952 399 1979; x_wconf 91' lang='lat' dir='ltr'><strong>in</strong></span> <span class='ocrx_word' id='word_1_484' title='bbox 410 1951 547 1984; x_wconf 86' lang='lat' dir='ltr'><strong>omnibus,</strong></span> <span class='ocrx_word' id='word_1_485' title='bbox 560 1951 654 1986; x_wconf 86' lang='lat' dir='ltr'><strong>paucis</strong></span> <span class='ocrx_word' id='word_1_486' title='bbox 676 1950 833 1986; x_wconf 73' lang='lat' dir='ltr'><strong>interiectis,</strong></span> <span class='ocrx_word' id='word_1_487' title='bbox 856 1951 895 1978; x_wconf 82' lang='lat' dir='ltr'><strong>ait</strong></span> <span class='ocrx_word' id='word_1_488' title='bbox 917 1950 1048 1986; x_wconf 88' lang='lat' dir='ltr'><strong>Spiritum</strong></span> 
     </span>
    </p>
   </div>
   <div class='ocr_carea' id='block_1_59' title="bbox 307 2032 812 2065">
    <p class='ocr_par' dir='ltr' id='par_1_59' title="bbox 307 2032 812 2065">
     <span class='ocr_line' id='line_1_59' title="bbox 307 2032 812 2065; baseline -0.002 -4"><span class='ocrx_word' id='word_1_489' title='bbox 307 2034 328 2050; x_wconf 81' lang='lat'>&quot;</span> <span class='ocrx_word' id='word_1_490' title='bbox 347 2034 428 2061; x_wconf 83' lang='lat' dir='ltr'><strong>Ilcbr.</strong></span> <span class='ocrx_word' id='word_1_491' title='bbox 443 2042 462 2065; x_wconf 82' lang='grc' dir='ltr'>ι,</span> <span class='ocrx_word' id='word_1_492' title='bbox 478 2034 505 2060; x_wconf 77' lang='lat' dir='ltr'><strong>I.</strong></span> <span class='ocrx_word' id='word_1_493' title='bbox 555 2034 578 2050; x_wconf 75' lang='lat'><strong>&#39;°</strong></span> <span class='ocrx_word' id='word_1_494' title='bbox 597 2032 619 2060; x_wconf 94' lang='lat' dir='ltr'><strong>II</strong></span> <span class='ocrx_word' id='word_1_495' title='bbox 637 2033 700 2061; x_wconf 89' lang='lat' dir='ltr'><strong>Cor.</strong></span> <span class='ocrx_word' id='word_1_496' title='bbox 713 2041 773 2064; x_wconf 78' lang='lat' dir='ltr'><strong>xui,</strong></span> <span class='ocrx_word' id='word_1_497' title='bbox 785 2033 812 2061; x_wconf 80' lang='grc'><strong>5.</strong></span> 
     </span>
    </p>
   </div>
   <div class='ocr_carea' id='block_1_60' title="bbox 865 2032 1723 2067">
    <p class='ocr_par' dir='ltr' id='par_1_60' title="bbox 865 2032 1723 2067">
     <span class='ocr_line' id='line_1_60' title="bbox 865 2032 1723 2067; baseline -0.001 -7"><span class='ocrx_word' id='word_1_498' title='bbox 865 2033 886 2050; x_wconf 75' lang='grc'><strong>’⁸</strong></span> <span class='ocrx_word' id='word_1_499' title='bbox 914 2033 1006 2061; x_wconf 83' lang='lat' dir='ltr'><strong>Matth.</strong></span> <span class='ocrx_word' id='word_1_500' title='bbox 1022 2041 1050 2066; x_wconf 83' lang='lat' dir='ltr'><strong>x,</strong></span> <span class='ocrx_word' id='word_1_501' title='bbox 1069 2033 1168 2063; x_wconf 71' lang='lat'><strong>17-20:</strong></span> <span class='ocrx_word' id='word_1_502' title='bbox 1185 2033 1250 2061; x_wconf 91' lang='lat' dir='ltr'><strong>Luc.</strong></span> <span class='ocrx_word' id='word_1_503' title='bbox 1266 2042 1315 2067; x_wconf 83' lang='lat' dir='ltr'><strong>xu,</strong></span> <span class='ocrx_word' id='word_1_504' title='bbox 1332 2034 1375 2063; x_wconf 78' lang='lat' dir='ltr'><strong>II.</strong></span> <span class='ocrx_word' id='word_1_505' title='bbox 1390 2035 1434 2062; x_wconf 79' lang='grc'><strong>12.</strong></span> <span class='ocrx_word' id='word_1_506' title='bbox 1471 2035 1494 2051; x_wconf 79' lang='grc'><strong>²⁹</strong></span> <span class='ocrx_word' id='word_1_507' title='bbox 1512 2032 1534 2060; x_wconf 87' lang='lat' dir='ltr'><strong>Il</strong></span> <span class='ocrx_word' id='word_1_508' title='bbox 1550 2033 1613 2061; x_wconf 86' lang='lat' dir='ltr'><strong>Cor.</strong></span> <span class='ocrx_word' id='word_1_509' title='bbox 1626 2041 1662 2065; x_wconf 81' lang='grc' dir='ltr'>νι,</span> <span class='ocrx_word' id='word_1_510' title='bbox 1679 2033 1723 2060; x_wconf 75' lang='grc'><strong>16.</strong></span> 
     </span>
    </p>
   </div>
   <div class='ocr_carea' id='block_1_61' title="bbox 1099 1032 1886 1072">
    <p class='ocr_par' dir='ltr' id='par_1_61' title="bbox 1099 1032 1886 1072">
     <span class='ocr_line' id='line_1_61' title="bbox 1099 1032 1886 1072; baseline -0.005 -9"><span class='ocrx_word' id='word_1_511' title='bbox 1099 1036 1132 1063; x_wconf 78' lang='grc' dir='ltr'>τὰ</span> <span class='ocrx_word' id='word_1_512' title='bbox 1156 1036 1223 1072; x_wconf 80' lang='grc' dir='ltr'><strong>μέλη</strong></span> <span class='ocrx_word' id='word_1_513' title='bbox 1246 1035 1334 1062; x_wconf 81' lang='grc' dir='ltr'>αὐτῶν</span> <span class='ocrx_word' id='word_1_514' title='bbox 1361 1034 1428 1070; x_wconf 82' lang='grc' dir='ltr'><strong>μέλη</strong></span> <span class='ocrx_word' id='word_1_515' title='bbox 1445 1034 1574 1070; x_wconf 75' lang='grc' dir='ltr'><strong>Χριστοῦ,</strong></span> <span class='ocrx_word' id='word_1_516' title='bbox 1599 1033 1641 1061; x_wconf 62' lang='grc' dir='ltr'><strong>ὁτὲ</strong></span> <span class='ocrx_word' id='word_1_517' title='bbox 1658 1033 1686 1060; x_wconf 80' lang='grc' dir='ltr'>δὲ</span> <span class='ocrx_word' id='word_1_518' title='bbox 1702 1034 1800 1064; x_wconf 80' lang='grc' dir='ltr'>αὐτοὺς</span> <span class='ocrx_word' id='word_1_519' title='bbox 1823 1032 1886 1060; x_wconf 78' lang='grc' dir='ltr'>ναὸν</span> 
     </span>
    </p>
   </div>
   <div class='ocr_carea' id='block_1_62' title="bbox 1098 1079 1887 1117">
    <p class='ocr_par' dir='ltr' id='par_1_62' title="bbox 1098 1079 1887 1117">
     <span class='ocr_line' id='line_1_62' title="bbox 1098 1079 1887 1117; baseline -0.005 -8"><span class='ocrx_word' id='word_1_520' title='bbox 1098 1081 1168 1109; x_wconf 83' lang='grc' dir='ltr'>εἶναι</span> <span class='ocrx_word' id='word_1_521' title='bbox 1183 1082 1230 1109; x_wconf 79' lang='grc' dir='ltr'>τοῦ</span> <span class='ocrx_word' id='word_1_522' title='bbox 1247 1081 1369 1117; x_wconf 83' lang='grc' dir='ltr'>Πατρός·</span> <span class='ocrx_word' id='word_1_523' title='bbox 1393 1081 1487 1116; x_wconf 80' lang='grc' dir='ltr'><strong>Ὑμεῖς</strong></span> <span class='ocrx_word' id='word_1_524' title='bbox 1511 1080 1577 1116; x_wconf 72' lang='grc' dir='ltr'>γὰρ,</span> <span class='ocrx_word' id='word_1_525' title='bbox 1607 1080 1690 1115; x_wconf 71' lang='grc' dir='ltr'>φησὶ,</span> <span class='ocrx_word' id='word_1_526' title='bbox 1713 1079 1787 1112; x_wconf 84' lang='grc' dir='ltr'><em>ναός</em></span> <span class='ocrx_word' id='word_1_527' title='bbox 1814 1079 1887 1106; x_wconf 80' lang='grc' dir='ltr'><strong>ἐστε</strong></span> 
     </span>
    </p>
   </div>
   <div class='ocr_carea' id='block_1_63' title="bbox 1100 1126 1885 1161">
    <p class='ocr_par' dir='ltr' id='par_1_63' title="bbox 1100 1126 1885 1161">
     <span class='ocr_line' id='line_1_63' title="bbox 1100 1126 1885 1161; baseline -0.003 -5"><span class='ocrx_word' id='word_1_528' title='bbox 1100 1129 1173 1156; x_wconf 87' lang='grc' dir='ltr'><strong>Θεοῦ</strong></span> <span class='ocrx_word' id='word_1_529' title='bbox 1188 1127 1302 1161; x_wconf 79' lang='grc' dir='ltr'><strong>ζῶντος,</strong></span> <span class='ocrx_word' id='word_1_530' title='bbox 1323 1127 1421 1160; x_wconf 80' lang='grc' dir='ltr'><strong>καθὼς</strong></span> <span class='ocrx_word' id='word_1_531' title='bbox 1434 1126 1519 1154; x_wconf 80' lang='grc' dir='ltr'>εἶπεν</span> <span class='ocrx_word' id='word_1_532' title='bbox 1529 1129 1545 1154; x_wconf 74' lang='grc' dir='ltr'><strong>δ</strong></span> <span class='ocrx_word' id='word_1_533' title='bbox 1555 1128 1626 1160; x_wconf 76' lang='grc' dir='ltr'><strong>Θεός</strong></span> <span class='ocrx_word' id='word_1_534' title='bbox 1636 1135 1642 1141; x_wconf 90' lang='grc'><strong>·</strong></span> <span class='ocrx_word' id='word_1_535' title='bbox 1661 1126 1822 1158; x_wconf 70' lang='grc' dir='ltr'><strong>Ἐνοικήσω</strong></span> <span class='ocrx_word' id='word_1_536' title='bbox 1830 1126 1885 1161; x_wconf 87' lang='grc'><strong>(19)</strong></span> 
     </span>
    </p>
   </div>
   <div class='ocr_carea' id='block_1_64' title="bbox 1098 1170 1887 1207">
    <p class='ocr_par' dir='ltr' id='par_1_64' title="bbox 1098 1170 1887 1207">
     <span class='ocr_line' id='line_1_64' title="bbox 1098 1170 1887 1207; baseline -0.004 -7"><span class='ocrx_word' id='word_1_537' title='bbox 1098 1174 1133 1200; x_wconf 85' lang='grc' dir='ltr'><strong>ἑν</strong></span> <span class='ocrx_word' id='word_1_538' title='bbox 1150 1174 1260 1206; x_wconf 81' lang='grc' dir='ltr'><strong>αὐτοῖς,</strong></span> <span class='ocrx_word' id='word_1_539' title='bbox 1277 1172 1326 1200; x_wconf 80' lang='grc' dir='ltr'><strong>καὶ</strong></span> <span class='ocrx_word' id='word_1_540' title='bbox 1339 1171 1577 1207; x_wconf 80' lang='grc' dir='ltr'><strong>ὲμπεριπατήσω,</strong></span> <span class='ocrx_word' id='word_1_541' title='bbox 1594 1172 1643 1199; x_wconf 74' lang='grc' dir='ltr'><strong>καὶ</strong></span> <span class='ocrx_word' id='word_1_542' title='bbox 1658 1173 1764 1205; x_wconf 75' lang='grc' dir='ltr'>ἔσομαι</span> <span class='ocrx_word' id='word_1_543' title='bbox 1782 1170 1887 1203; x_wconf 79' lang='grc' dir='ltr'><strong>αὐτοῖς</strong></span> 
     </span>
    </p>
   </div>
   <div class='ocr_carea' id='block_1_65' title="bbox 1100 1218 1887 1254">
    <p class='ocr_par' dir='ltr' id='par_1_65' title="bbox 1100 1218 1887 1254">
     <span class='ocr_line' id='line_1_65' title="bbox 1100 1218 1887 1254; baseline -0.001 -8"><span class='ocrx_word' id='word_1_544' title='bbox 1100 1219 1182 1253; x_wconf 78' lang='grc' dir='ltr'><strong>Θεὸς,</strong></span> <span class='ocrx_word' id='word_1_545' title='bbox 1203 1219 1252 1246; x_wconf 79' lang='grc' dir='ltr'><strong>καὶ</strong></span> <span class='ocrx_word' id='word_1_546' title='bbox 1273 1219 1357 1246; x_wconf 76' lang='grc' dir='ltr'><strong>αὐτοὶ</strong></span> <span class='ocrx_word' id='word_1_547' title='bbox 1375 1219 1499 1246; x_wconf 77' lang='grc' dir='ltr'>ἔσονται</span> <span class='ocrx_word' id='word_1_548' title='bbox 1509 1227 1560 1254; x_wconf 89' lang='grc' dir='ltr'>μοι</span> <span class='ocrx_word' id='word_1_549' title='bbox 1579 1219 1670 1252; x_wconf 78' lang='grc' dir='ltr'><em>λαός·</em></span> <span class='ocrx_word' id='word_1_550' title='bbox 1700 1218 1747 1245; x_wconf 76' lang='grc' dir='ltr'><strong>καὶ</strong></span> <span class='ocrx_word' id='word_1_551' title='bbox 1759 1238 1767 1250; x_wconf 86' lang='grc'><em>,</em></span> <span class='ocrx_word' id='word_1_552' title='bbox 1790 1219 1827 1245; x_wconf 83' lang='lat' dir='ltr'><strong>El</strong></span> <span class='ocrx_word' id='word_1_553' title='bbox 1840 1227 1887 1252; x_wconf 83' lang='grc' dir='ltr'><strong>τις</strong></span> 
     </span>
    </p>
   </div>
   <div class='ocr_carea' id='block_1_66' title="bbox 1098 1264 1885 1299">
    <p class='ocr_par' dir='ltr' id='par_1_66' title="bbox 1098 1264 1885 1299">
     <span class='ocr_line' id='line_1_66' title="bbox 1098 1264 1885 1299; baseline -0.001 -8"><span class='ocrx_word' id='word_1_554' title='bbox 1098 1266 1204 1299; x_wconf 73' lang='grc' dir='ltr'><strong>φθείρῃ</strong></span> <span class='ocrx_word' id='word_1_555' title='bbox 1217 1264 1269 1292; x_wconf 85' lang='grc' dir='ltr'><strong>τὸν</strong></span> <span class='ocrx_word' id='word_1_556' title='bbox 1279 1265 1354 1292; x_wconf 79' lang='grc' dir='ltr'><em>ναὸν</em></span> <span class='ocrx_word' id='word_1_557' title='bbox 1369 1265 1422 1292; x_wconf 83' lang='grc' dir='ltr'>τοῦ</span> <span class='ocrx_word' id='word_1_558' title='bbox 1436 1265 1521 1296; x_wconf 79' lang='grc' dir='ltr'>Θεοῦ,</span> <span class='ocrx_word' id='word_1_559' title='bbox 1535 1264 1638 1299; x_wconf 77' lang='grc' dir='ltr'><strong>φθερεῖ</strong></span> <span class='ocrx_word' id='word_1_560' title='bbox 1651 1264 1758 1291; x_wconf 85' lang='grc' dir='ltr'>τοῦτον</span> <span class='ocrx_word' id='word_1_561' title='bbox 1771 1265 1788 1291; x_wconf 86' lang='lat' dir='ltr'><strong>d</strong></span> <span class='ocrx_word' id='word_1_562' title='bbox 1800 1265 1885 1297; x_wconf 85' lang='grc' dir='ltr'><strong>Θεός.</strong></span> 
     </span>
    </p>
   </div>
   <div class='ocr_carea' id='block_1_67' title="bbox 1099 1310 1886 1343">
    <p class='ocr_par' dir='ltr' id='par_1_67' title="bbox 1099 1310 1886 1343">
     <span class='ocr_line' id='line_1_67' title="bbox 1099 1310 1886 1343; baseline -0.001 -5"><span class='ocrx_word' id='word_1_563' title='bbox 1099 1312 1154 1338; x_wconf 80' lang='grc' dir='ltr'><strong>Καὶ</strong></span> <span class='ocrx_word' id='word_1_564' title='bbox 1166 1311 1262 1338; x_wconf 82' lang='grc' dir='ltr'>πάλιν·</span> <span class='ocrx_word' id='word_1_565' title='bbox 1282 1312 1342 1338; x_wconf 69' lang='grc' dir='ltr'><strong>οὐκ</strong></span> <span class='ocrx_word' id='word_1_566' title='bbox 1356 1311 1467 1343; x_wconf 60' lang='lat' dir='ltr'><strong>albata,</strong></span> <span class='ocrx_word' id='word_1_567' title='bbox 1479 1311 1523 1338; x_wconf 81' lang='grc' dir='ltr'><strong>ὅτι</strong></span> <span class='ocrx_word' id='word_1_568' title='bbox 1535 1310 1608 1343; x_wconf 76' lang='grc' dir='ltr'><em>ναὸς</em></span> <span class='ocrx_word' id='word_1_569' title='bbox 1631 1310 1684 1338; x_wconf 85' lang='grc' dir='ltr'>τοῦ</span> <span class='ocrx_word' id='word_1_570' title='bbox 1711 1310 1786 1338; x_wconf 85' lang='grc' dir='ltr'><strong>Θεοῦ</strong></span> <span class='ocrx_word' id='word_1_571' title='bbox 1802 1311 1886 1342; x_wconf 78' lang='grc' dir='ltr'><strong>ἐστε,</strong></span> 
     </span>
    </p>
   </div>
   <div class='ocr_carea' id='block_1_68' title="bbox 1098 1356 1889 1391">
    <p class='ocr_par' dir='ltr' id='par_1_68' title="bbox 1098 1356 1889 1391">
     <span class='ocr_line' id='line_1_68' title="bbox 1098 1356 1889 1391; baseline -0.001 -8"><span class='ocrx_word' id='word_1_572' title='bbox 1098 1357 1191 1383; x_wconf 76' lang='grc' dir='ltr'><em>καὶτὸ</em></span> <span class='ocrx_word' id='word_1_573' title='bbox 1206 1357 1262 1391; x_wconf 73' lang='lat'><strong>(20)</strong></span> <span class='ocrx_word' id='word_1_574' title='bbox 1276 1357 1397 1391; x_wconf 85' lang='grc' dir='ltr'><strong>Πνεῦμα</strong></span> <span class='ocrx_word' id='word_1_575' title='bbox 1412 1357 1466 1385; x_wconf 79' lang='grc' dir='ltr'>τοῦ</span> <span class='ocrx_word' id='word_1_576' title='bbox 1492 1357 1567 1384; x_wconf 83' lang='grc' dir='ltr'><strong>Θεοῦ</strong></span> <span class='ocrx_word' id='word_1_577' title='bbox 1590 1356 1624 1383; x_wconf 88' lang='grc' dir='ltr'><strong>τὸ</strong></span> <span class='ocrx_word' id='word_1_578' title='bbox 1644 1356 1729 1390; x_wconf 75' lang='grc' dir='ltr'>ἅγιον</span> <span class='ocrx_word' id='word_1_579' title='bbox 1754 1356 1829 1383; x_wconf 80' lang='grc' dir='ltr'><strong>οἰκεῖ</strong></span> <span class='ocrx_word' id='word_1_580' title='bbox 1851 1356 1889 1383; x_wconf 82' lang='grc' dir='ltr'><strong>ἐν</strong></span> 
     </span>
    </p>
   </div>
   <div class='ocr_carea' id='block_1_69' title="bbox 1097 1399 1889 1439">
    <p class='ocr_par' dir='ltr' id='par_1_69' title="bbox 1097 1399 1889 1439">
     <span class='ocr_line' id='line_1_69' title="bbox 1097 1399 1889 1439; baseline -0.001 -10"><span class='ocrx_word' id='word_1_581' title='bbox 1097 1403 1187 1437; x_wconf 65' lang='lat' dir='ltr'><strong>(mir;</strong></span> <span class='ocrx_word' id='word_1_582' title='bbox 1214 1403 1249 1430; x_wconf 79' lang='grc' dir='ltr'><strong>Εἴ</strong></span> <span class='ocrx_word' id='word_1_583' title='bbox 1277 1411 1320 1435; x_wconf 83' lang='grc' dir='ltr'><strong>τις</strong></span> <span class='ocrx_word' id='word_1_584' title='bbox 1342 1403 1395 1439; x_wconf 82' lang='grc' dir='ltr'>γάρ</span> <span class='ocrx_word' id='word_1_585' title='bbox 1406 1403 1464 1430; x_wconf 76' lang='grc' dir='ltr'>ἐστι</span> <span class='ocrx_word' id='word_1_586' title='bbox 1481 1402 1542 1435; x_wconf 79' lang='grc' dir='ltr'>ναὸς</span> <span class='ocrx_word' id='word_1_587' title='bbox 1553 1402 1599 1429; x_wconf 90' lang='grc' dir='ltr'>τοῦ</span> <span class='ocrx_word' id='word_1_588' title='bbox 1613 1402 1781 1437; x_wconf 77' lang='grc' dir='ltr'>Πνεῦματος,</span> <span class='ocrx_word' id='word_1_589' title='bbox 1806 1399 1889 1433; x_wconf 71' lang='grc' dir='ltr'>οὗτος</span> 
     </span>
    </p>
   </div>
   <div class='ocr_carea' id='block_1_70' title="bbox 1098 1446 1890 1483">
    <p class='ocr_par' dir='ltr' id='par_1_70' title="bbox 1098 1446 1890 1483">
     <span class='ocr_line' id='line_1_70' title="bbox 1098 1446 1890 1483; baseline -0.001 -9"><span class='ocrx_word' id='word_1_590' title='bbox 1098 1448 1161 1480; x_wconf 85' lang='grc' dir='ltr'>ναός</span> <span class='ocrx_word' id='word_1_591' title='bbox 1182 1448 1239 1474; x_wconf 78' lang='grc' dir='ltr'><strong>ἐστι</strong></span> <span class='ocrx_word' id='word_1_592' title='bbox 1253 1448 1300 1474; x_wconf 89' lang='grc' dir='ltr'>τοῦ</span> <span class='ocrx_word' id='word_1_593' title='bbox 1316 1447 1380 1474; x_wconf 82' lang='grc' dir='ltr'>Υιοῦ</span> <span class='ocrx_word' id='word_1_594' title='bbox 1398 1447 1507 1474; x_wconf 75' lang='grc' dir='ltr'>καὶτοῦ</span> <span class='ocrx_word' id='word_1_595' title='bbox 1536 1447 1657 1483; x_wconf 77' lang='grc' dir='ltr'>Πατρός·</span> <span class='ocrx_word' id='word_1_596' title='bbox 1684 1447 1750 1473; x_wconf 78' lang='grc' dir='ltr'>ὅπου</span> <span class='ocrx_word' id='word_1_597' title='bbox 1775 1446 1830 1482; x_wconf 81' lang='grc' dir='ltr'><strong>γὰρ</strong></span> <span class='ocrx_word' id='word_1_598' title='bbox 1855 1446 1890 1473; x_wconf 72' lang='grc' dir='ltr'><strong>τὸ</strong></span> 
     </span>
    </p>
   </div>
   <div class='ocr_carea' id='block_1_71' title="bbox 1099 1492 1887 1530">
    <p class='ocr_par' dir='ltr' id='par_1_71' title="bbox 1099 1492 1887 1530">
     <span class='ocr_line' id='line_1_71' title="bbox 1099 1492 1887 1530; baseline 0 -10"><span class='ocrx_word' id='word_1_599' title='bbox 1099 1493 1211 1530; x_wconf 82' lang='grc' dir='ltr'><strong>Πνεῦμα</strong></span> <span class='ocrx_word' id='word_1_600' title='bbox 1223 1493 1269 1520; x_wconf 85' lang='grc' dir='ltr'>τοῦ</span> <span class='ocrx_word' id='word_1_601' title='bbox 1283 1493 1350 1520; x_wconf 85' lang='grc' dir='ltr'>Θεοῦ</span> <span class='ocrx_word' id='word_1_602' title='bbox 1362 1495 1493 1526; x_wconf 79' lang='grc' dir='ltr'>κατοικεῖ,</span> <span class='ocrx_word' id='word_1_603' title='bbox 1507 1494 1564 1520; x_wconf 76' lang='grc' dir='ltr'>ἐκεῖ</span> <span class='ocrx_word' id='word_1_604' title='bbox 1575 1493 1630 1528; x_wconf 62' lang='lat' dir='ltr'><strong>(Si)</strong></span> <span class='ocrx_word' id='word_1_605' title='bbox 1643 1494 1657 1519; x_wconf 91' lang='lat'><strong>6</strong></span> <span class='ocrx_word' id='word_1_606' title='bbox 1671 1492 1737 1525; x_wconf 71' lang='grc' dir='ltr'><strong>Θεὸς</strong></span> <span class='ocrx_word' id='word_1_607' title='bbox 1752 1493 1887 1520; x_wconf 81' lang='grc' dir='ltr'>κατοικεῖ.</span> 
     </span>
    </p>
   </div>
   <div class='ocr_carea' id='block_1_72' title="bbox 1099 1538 1890 1576">
    <p class='ocr_par' dir='ltr' id='par_1_72' title="bbox 1099 1538 1890 1576">
     <span class='ocr_line' id='line_1_72' title="bbox 1099 1538 1890 1576; baseline -0.005 -8"><span class='ocrx_word' id='word_1_608' title='bbox 1099 1541 1164 1572; x_wconf 77' lang='grc' dir='ltr'><strong>Καὶ,</strong></span> <span class='ocrx_word' id='word_1_609' title='bbox 1175 1542 1290 1575; x_wconf 83' lang='grc' dir='ltr'><em>Ὥσπερ</em></span> <span class='ocrx_word' id='word_1_610' title='bbox 1302 1543 1318 1568; x_wconf 85' lang='grc' dir='ltr'><em>ὀ</em></span> <span class='ocrx_word' id='word_1_611' title='bbox 1329 1541 1430 1575; x_wconf 84' lang='grc' dir='ltr'>Πατὴρ</span> <span class='ocrx_word' id='word_1_612' title='bbox 1439 1541 1543 1576; x_wconf 74' lang='grc' dir='ltr'>ἐγείρει</span> <span class='ocrx_word' id='word_1_613' title='bbox 1550 1540 1620 1573; x_wconf 82' lang='grc' dir='ltr'><strong>τοὺς</strong></span> <span class='ocrx_word' id='word_1_614' title='bbox 1627 1539 1753 1574; x_wconf 85' lang='grc' dir='ltr'><strong>νεκροὺς</strong></span> <span class='ocrx_word' id='word_1_615' title='bbox 1762 1539 1809 1566; x_wconf 75' lang='grc' dir='ltr'><strong>καὶ</strong></span> <span class='ocrx_word' id='word_1_616' title='bbox 1819 1538 1890 1569; x_wconf 82' lang='grc' dir='ltr'><strong>ζωο-</strong></span> 
     </span>
    </p>
   </div>
   <div class='ocr_carea' id='block_1_73' title="bbox 1099 1584 1887 1620">
    <p class='ocr_par' dir='ltr' id='par_1_73' title="bbox 1099 1584 1887 1620">
     <span class='ocr_line' id='line_1_73' title="bbox 1099 1584 1887 1620; baseline -0.004 -6"><span class='ocrx_word' id='word_1_617' title='bbox 1099 1587 1186 1619; x_wconf 82' lang='grc' dir='ltr'><strong>ποιεῖ,</strong></span> <span class='ocrx_word' id='word_1_618' title='bbox 1213 1587 1306 1620; x_wconf 84' lang='grc' dir='ltr'><em>οὖτως</em></span> <span class='ocrx_word' id='word_1_619' title='bbox 1335 1587 1384 1614; x_wconf 76' lang='grc' dir='ltr'><strong>καὶ</strong></span> <span class='ocrx_word' id='word_1_620' title='bbox 1411 1589 1428 1614; x_wconf 84' lang='grc' dir='ltr'><em>ὁ</em></span> <span class='ocrx_word' id='word_1_621' title='bbox 1458 1586 1524 1620; x_wconf 81' lang='grc' dir='ltr'><strong>Υἱὸς</strong></span> <span class='ocrx_word' id='word_1_622' title='bbox 1551 1586 1605 1619; x_wconf 82' lang='grc' dir='ltr'><strong>οὓς</strong></span> <span class='ocrx_word' id='word_1_623' title='bbox 1633 1586 1713 1613; x_wconf 84' lang='grc' dir='ltr'>θέλει</span> <span class='ocrx_word' id='word_1_624' title='bbox 1743 1584 1887 1616; x_wconf 79' lang='grc' dir='ltr'><strong>ζωοποιεῖ.</strong></span> 
     </span>
    </p>
   </div>
   <div class='ocr_carea' id='block_1_74' title="bbox 1105 1631 1888 1668">
    <p class='ocr_par' dir='ltr' id='par_1_74' title="bbox 1105 1631 1888 1668">
     <span class='ocr_line' id='line_1_74' title="bbox 1105 1631 1888 1668; baseline -0.003 -9"><span class='ocrx_word' id='word_1_625' title='bbox 1105 1632 1221 1668; x_wconf 83' lang='grc' dir='ltr'><strong>Ὁμοίως</strong></span> <span class='ocrx_word' id='word_1_626' title='bbox 1233 1632 1261 1659; x_wconf 77' lang='grc' dir='ltr'>δὲ</span> <span class='ocrx_word' id='word_1_627' title='bbox 1276 1633 1323 1659; x_wconf 78' lang='grc' dir='ltr'><strong>καὶ</strong></span> <span class='ocrx_word' id='word_1_628' title='bbox 1343 1633 1407 1667; x_wconf 73' lang='grc' dir='ltr'>περὶ</span> <span class='ocrx_word' id='word_1_629' title='bbox 1421 1632 1467 1658; x_wconf 81' lang='grc' dir='ltr'>τοῦ</span> <span class='ocrx_word' id='word_1_630' title='bbox 1490 1631 1648 1668; x_wconf 82' lang='grc' dir='ltr'>Πνεύματος</span> <span class='ocrx_word' id='word_1_631' title='bbox 1666 1631 1758 1665; x_wconf 78' lang='grc' dir='ltr'>λέγει,</span> <span class='ocrx_word' id='word_1_632' title='bbox 1774 1631 1816 1658; x_wconf 84' lang='grc' dir='ltr'><strong>ὃτι</strong></span> <span class='ocrx_word' id='word_1_633' title='bbox 1828 1631 1888 1666; x_wconf 70' lang='grc'><strong>(22)</strong></span> 
     </span>
    </p>
   </div>
   <div class='ocr_carea' id='block_1_75' title="bbox 1104 1677 1889 1712">
    <p class='ocr_par' dir='ltr' id='par_1_75' title="bbox 1104 1677 1889 1712">
     <span class='ocr_line' id='line_1_75' title="bbox 1104 1677 1889 1712; baseline -0.001 -8"><span class='ocrx_word' id='word_1_634' title='bbox 1104 1678 1139 1705; x_wconf 84' lang='grc' dir='ltr'><strong>Τὸ</strong></span> <span class='ocrx_word' id='word_1_635' title='bbox 1152 1677 1272 1712; x_wconf 81' lang='grc' dir='ltr'>Πνεῦμά</span> <span class='ocrx_word' id='word_1_636' title='bbox 1283 1678 1352 1711; x_wconf 62' lang='grc' dir='ltr'>ἐστι,</span> <span class='ocrx_word' id='word_1_637' title='bbox 1366 1678 1399 1704; x_wconf 83' lang='grc' dir='ltr'><strong>τὸ</strong></span> <span class='ocrx_word' id='word_1_638' title='bbox 1411 1677 1581 1710; x_wconf 78' lang='grc' dir='ltr'><strong>ζωοποιοῦν,</strong></span> <span class='ocrx_word' id='word_1_639' title='bbox 1595 1678 1615 1710; x_wconf 76' lang='grc' dir='ltr'><strong>’ἡ</strong></span> <span class='ocrx_word' id='word_1_640' title='bbox 1636 1677 1714 1711; x_wconf 81' lang='grc' dir='ltr'>σὰρξ</span> <span class='ocrx_word' id='word_1_641' title='bbox 1732 1678 1788 1704; x_wconf 80' lang='grc' dir='ltr'><strong>οὐκ</strong></span> <span class='ocrx_word' id='word_1_642' title='bbox 1809 1677 1889 1711; x_wconf 68' lang='grc' dir='ltr'><strong>ὠφε-</strong></span> 
     </span>
    </p>
   </div>
   <div class='ocr_carea' id='block_1_76' title="bbox 1101 1721 1887 1758">
    <p class='ocr_par' dir='ltr' id='par_1_76' title="bbox 1101 1721 1887 1758">
     <span class='ocr_line' id='line_1_76' title="bbox 1101 1721 1887 1758; baseline -0.003 -8"><span class='ocrx_word' id='word_1_643' title='bbox 1101 1722 1151 1750; x_wconf 81' lang='grc' dir='ltr'>λεῖ</span> <span class='ocrx_word' id='word_1_644' title='bbox 1162 1722 1260 1750; x_wconf 76' lang='grc' dir='ltr'>οὐδέν.</span> <span class='ocrx_word' id='word_1_645' title='bbox 1278 1723 1349 1758; x_wconf 82' lang='grc' dir='ltr'>Πρὸς</span> <span class='ocrx_word' id='word_1_646' title='bbox 1358 1722 1386 1748; x_wconf 82' lang='grc' dir='ltr'>δὲ</span> <span class='ocrx_word' id='word_1_647' title='bbox 1401 1722 1559 1758; x_wconf 84' lang='grc' dir='ltr'>Κορινθίους</span> <span class='ocrx_word' id='word_1_648' title='bbox 1576 1722 1677 1758; x_wconf 77' lang='grc' dir='ltr'>γράφει</span> <span class='ocrx_word' id='word_1_649' title='bbox 1700 1721 1821 1753; x_wconf 83' lang='grc' dir='ltr'><strong>Παῦλος·</strong></span> <span class='ocrx_word' id='word_1_650' title='bbox 1850 1721 1887 1748; x_wconf 80' lang='grc' dir='ltr'><strong>Τὸ</strong></span> 
     </span>
    </p>
   </div>
   <div class='ocr_carea' id='block_1_77' title="bbox 1101 1767 1888 1804">
    <p class='ocr_par' dir='ltr' id='par_1_77' title="bbox 1101 1767 1888 1804">
     <span class='ocr_line' id='line_1_77' title="bbox 1101 1767 1888 1804; baseline -0.004 -8"><span class='ocrx_word' id='word_1_651' title='bbox 1101 1768 1136 1795; x_wconf 86' lang='grc' dir='ltr'>δὲ</span> <span class='ocrx_word' id='word_1_652' title='bbox 1148 1769 1270 1804; x_wconf 77' lang='grc' dir='ltr'>Πνεῦμα</span> <span class='ocrx_word' id='word_1_653' title='bbox 1291 1768 1428 1799; x_wconf 77' lang='grc' dir='ltr'>ᾰυοποιεῐ.</span> <span class='ocrx_word' id='word_1_654' title='bbox 1451 1769 1541 1804; x_wconf 82' lang='grc' dir='ltr'>Ὁρᾷς,</span> <span class='ocrx_word' id='word_1_655' title='bbox 1567 1769 1608 1795; x_wconf 84' lang='grc' dir='ltr'><strong>ὃτι</strong></span> <span class='ocrx_word' id='word_1_656' title='bbox 1624 1768 1694 1804; x_wconf 73' lang='grc' dir='ltr'>ἅπερ</span> <span class='ocrx_word' id='word_1_657' title='bbox 1723 1768 1796 1794; x_wconf 71' lang='grc' dir='ltr'><strong>ἐστὶν</strong></span> <span class='ocrx_word' id='word_1_658' title='bbox 1816 1767 1888 1802; x_wconf 78' lang='grc' dir='ltr'>ἔργα</span> 
     </span>
    </p>
   </div>
   <div class='ocr_carea' id='block_1_78' title="bbox 1101 1811 1886 1850">
    <p class='ocr_par' dir='ltr' id='par_1_78' title="bbox 1101 1811 1886 1850">
     <span class='ocr_line' id='line_1_78' title="bbox 1101 1811 1886 1850; baseline -0.001 -10"><span class='ocrx_word' id='word_1_659' title='bbox 1101 1813 1149 1841; x_wconf 82' lang='grc' dir='ltr'>τοῦ</span> <span class='ocrx_word' id='word_1_660' title='bbox 1163 1815 1278 1850; x_wconf 75' lang='grc' dir='ltr'>Πατρὸς,</span> <span class='ocrx_word' id='word_1_661' title='bbox 1296 1814 1381 1842; x_wconf 81' lang='grc' dir='ltr'>ταῦτα</span> <span class='ocrx_word' id='word_1_662' title='bbox 1394 1814 1468 1848; x_wconf 80' lang='grc' dir='ltr'>λέγει</span> <span class='ocrx_word' id='word_1_663' title='bbox 1494 1815 1512 1850; x_wconf 87' lang='grc' dir='ltr'>ὴ</span> <span class='ocrx_word' id='word_1_664' title='bbox 1535 1813 1629 1850; x_wconf 83' lang='grc' dir='ltr'>Γραφὴ</span> <span class='ocrx_word' id='word_1_665' title='bbox 1645 1814 1692 1840; x_wconf 88' lang='grc' dir='ltr'>τοῦ</span> <span class='ocrx_word' id='word_1_666' title='bbox 1715 1812 1780 1840; x_wconf 87' lang='grc' dir='ltr'><strong>Υἱοῦ</strong></span> <span class='ocrx_word' id='word_1_667' title='bbox 1804 1811 1886 1846; x_wconf 75' lang='grc' dir='ltr'>εἶναι,</span> 
     </span>
    </p>
   </div>
   <div class='ocr_carea' id='block_1_79' title="bbox 1101 1858 1887 1895">
    <p class='ocr_par' dir='ltr' id='par_1_79' title="bbox 1101 1858 1887 1895">
     <span class='ocr_line' id='line_1_79' title="bbox 1101 1858 1887 1895; baseline -0.004 -9"><span class='ocrx_word' id='word_1_668' title='bbox 1101 1859 1150 1886; x_wconf 71' lang='grc' dir='ltr'><strong>καὶ</strong></span> <span class='ocrx_word' id='word_1_669' title='bbox 1158 1859 1206 1886; x_wconf 84' lang='grc' dir='ltr'>τοῦ</span> <span class='ocrx_word' id='word_1_670' title='bbox 1221 1859 1298 1894; x_wconf 82' lang='grc' dir='ltr'>ἁγίου</span> <span class='ocrx_word' id='word_1_671' title='bbox 1311 1860 1367 1895; x_wconf 74' lang='grc'><strong>(25)</strong></span> <span class='ocrx_word' id='word_1_672' title='bbox 1379 1859 1536 1894; x_wconf 82' lang='grc' dir='ltr'>Πνεύματος</span> <span class='ocrx_word' id='word_1_673' title='bbox 1546 1868 1553 1874; x_wconf 92' lang='grc'><strong>·</strong></span> <span class='ocrx_word' id='word_1_674' title='bbox 1571 1859 1609 1891; x_wconf 81' lang='grc' dir='ltr'><strong>ὡς</strong></span> <span class='ocrx_word' id='word_1_675' title='bbox 1624 1859 1671 1886; x_wconf 80' lang='grc' dir='ltr'><strong>καὶ</strong></span> <span class='ocrx_word' id='word_1_676' title='bbox 1686 1860 1701 1886; x_wconf 88' lang='lat'><strong>6</strong></span> <span class='ocrx_word' id='word_1_677' title='bbox 1726 1858 1887 1889; x_wconf 75' lang='grc' dir='ltr'><strong>Ἀπόπολος</strong></span> 
     </span>
    </p>
   </div>
   <div class='ocr_carea' id='block_1_80' title="bbox 1101 1904 1887 1940">
    <p class='ocr_par' dir='ltr' id='par_1_80' title="bbox 1101 1904 1887 1940">
     <span class='ocr_line' id='line_1_80' title="bbox 1101 1904 1887 1940; baseline -0.001 -9"><span class='ocrx_word' id='word_1_678' title='bbox 1101 1905 1158 1939; x_wconf 67' lang='lat'><strong>(24)</strong></span> <span class='ocrx_word' id='word_1_679' title='bbox 1186 1905 1288 1938; x_wconf 74' lang='grc' dir='ltr'>ἐδίδαξε</span> <span class='ocrx_word' id='word_1_680' title='bbox 1313 1905 1399 1940; x_wconf 80' lang='grc' dir='ltr'>λέγων</span> <span class='ocrx_word' id='word_1_681' title='bbox 1416 1914 1424 1922; x_wconf 91' lang='grc'><strong>·</strong></span> <span class='ocrx_word' id='word_1_682' title='bbox 1450 1905 1611 1939; x_wconf 78' lang='grc' dir='ltr'>Διαιρέσεις</span> <span class='ocrx_word' id='word_1_683' title='bbox 1635 1905 1669 1931; x_wconf 84' lang='grc' dir='ltr'>δὲ</span> <span class='ocrx_word' id='word_1_684' title='bbox 1695 1904 1887 1939; x_wconf 75' lang='grc' dir='ltr'><em>χαρισμάτων</em></span> 
     </span>
    </p>
   </div>
   <div class='ocr_carea' id='block_1_81' title="bbox 1099 1949 1887 1987">
    <p class='ocr_par' dir='ltr' id='par_1_81' title="bbox 1099 1949 1887 1987">
     <span class='ocr_line' id='line_1_81' title="bbox 1099 1949 1887 1987; baseline -0.003 -9"><span class='ocrx_word' id='word_1_685' title='bbox 1099 1951 1170 1983; x_wconf 72' lang='grc' dir='ltr'>εισι,</span> <span class='ocrx_word' id='word_1_686' title='bbox 1184 1951 1216 1978; x_wconf 89' lang='grc' dir='ltr'><strong>τὸ</strong></span> <span class='ocrx_word' id='word_1_687' title='bbox 1232 1951 1266 1978; x_wconf 87' lang='grc' dir='ltr'>δὲ</span> <span class='ocrx_word' id='word_1_688' title='bbox 1276 1951 1398 1987; x_wconf 79' lang='grc' dir='ltr'><em>Πνεῦμα</em></span> <span class='ocrx_word' id='word_1_689' title='bbox 1408 1951 1441 1978; x_wconf 85' lang='grc' dir='ltr'><em>τὸ</em></span> <span class='ocrx_word' id='word_1_690' title='bbox 1455 1951 1529 1978; x_wconf 82' lang='grc' dir='ltr'><strong>αὐτό</strong></span> <span class='ocrx_word' id='word_1_691' title='bbox 1538 1959 1545 1966; x_wconf 90' lang='grc'>·</span> <span class='ocrx_word' id='word_1_692' title='bbox 1572 1950 1621 1977; x_wconf 79' lang='grc' dir='ltr'><strong>καὶ</strong></span> <span class='ocrx_word' id='word_1_693' title='bbox 1643 1950 1802 1986; x_wconf 79' lang='grc' dir='ltr'>διαιρέσεις</span> <span class='ocrx_word' id='word_1_694' title='bbox 1820 1949 1887 1976; x_wconf 76' lang='grc' dir='ltr'>δια-</span> 
     </span>
    </p>
   </div>
   <div class='ocr_carea' id='block_1_82' title="bbox 1761 2031 1884 2059">
    <p class='ocr_par' dir='ltr' id='par_1_82' title="bbox 1761 2031 1884 2059">
     <span class='ocr_line' id='line_1_82' title="bbox 1761 2031 1884 2059; baseline 0 -1"><span class='ocrx_word' id='word_1_695' title='bbox 1761 2031 1785 2047; x_wconf 87' lang='grc'><strong>¹³</strong></span> <span class='ocrx_word' id='word_1_696' title='bbox 1796 2031 1806 2058; x_wconf 94' lang='lat' dir='ltr'><strong>I</strong></span> <span class='ocrx_word' id='word_1_697' title='bbox 1819 2031 1884 2059; x_wconf 88' lang='lat' dir='ltr'><strong>Cor.</strong></span> 
     </span>
    </p>
   </div>
   <div class='ocr_carea' id='block_1_83' title="bbox 270 2067 1048 2104">
    <p class='ocr_par' dir='ltr' id='par_1_83' title="bbox 270 2067 1048 2104">
     <span class='ocr_line' id='line_1_83' title="bbox 270 2067 1048 2104; baseline 0 -8"><span class='ocrx_word' id='word_1_698' title='bbox 270 2076 311 2099; x_wconf 71' lang='grc' dir='ltr'>ιιι,</span> <span class='ocrx_word' id='word_1_699' title='bbox 327 2069 370 2096; x_wconf 82' lang='grc'><strong>17.</strong></span> <span class='ocrx_word' id='word_1_700' title='bbox 407 2069 429 2085; x_wconf 71' lang='grc'>²⁴</span> <span class='ocrx_word' id='word_1_701' title='bbox 448 2067 514 2096; x_wconf 83' lang='lat' dir='ltr'><strong>ibid.</strong></span> <span class='ocrx_word' id='word_1_702' title='bbox 530 2068 585 2104; x_wconf 68' lang='lat' dir='ltr'><strong>~Ili.</strong></span> <span class='ocrx_word' id='word_1_703' title='bbox 623 2069 645 2084; x_wconf 81' lang='grc'><strong>³³</strong></span> <span class='ocrx_word' id='word_1_704' title='bbox 664 2068 742 2096; x_wconf 82' lang='lat' dir='ltr'><strong>Joan.</strong></span> <span class='ocrx_word' id='word_1_705' title='bbox 759 2076 786 2102; x_wconf 81' lang='grc' dir='ltr'><strong>γ,</strong></span> <span class='ocrx_word' id='word_1_706' title='bbox 799 2069 843 2096; x_wconf 78' lang='lat' dir='ltr'><strong>2L</strong></span> <span class='ocrx_word' id='word_1_707' title='bbox 882 2068 904 2084; x_wconf 86' lang='grc'><strong>¹⁶</strong></span> <span class='ocrx_word' id='word_1_708' title='bbox 922 2068 999 2096; x_wconf 81' lang='lat' dir='ltr'><strong>Joan.</strong></span> <span class='ocrx_word' id='word_1_709' title='bbox 1017 2076 1048 2102; x_wconf 73' lang='grc' dir='ltr'>νι,</span> 
     </span>
    </p>
   </div>
   <div class='ocr_carea' id='block_1_84' title="bbox 1102 2067 1693 2104">
    <p class='ocr_par' dir='ltr' id='par_1_84' title="bbox 1105 2067 1693 2103">
     <span class='ocr_line' id='line_1_84' title="bbox 1105 2067 1693 2103; baseline 0 -8"><span class='ocrx_word' id='word_1_710' title='bbox 1105 2088 1112 2095; x_wconf 93' lang='grc'><strong>.</strong></span> <span class='ocrx_word' id='word_1_711' title='bbox 1151 2070 1171 2085; x_wconf 79' lang='grc'><strong>³⁷</strong></span> <span class='ocrx_word' id='word_1_712' title='bbox 1193 2068 1214 2095; x_wconf 89' lang='lat' dir='ltr'><strong>ll</strong></span> <span class='ocrx_word' id='word_1_713' title='bbox 1228 2070 1290 2098; x_wconf 83' lang='lat' dir='ltr'><strong>Cor.</strong></span> <span class='ocrx_word' id='word_1_714' title='bbox 1307 2077 1348 2103; x_wconf 85' lang='lat' dir='ltr'><strong>ut,</strong></span> <span class='ocrx_word' id='word_1_715' title='bbox 1364 2069 1390 2097; x_wconf 86' lang='lat'><strong>6.</strong></span> <span class='ocrx_word' id='word_1_716' title='bbox 1428 2070 1450 2086; x_wconf 77' lang='lat'><strong>&quot;</strong></span> <span class='ocrx_word' id='word_1_717' title='bbox 1469 2068 1557 2097; x_wconf 88' lang='lat' dir='ltr'><strong>ICor.</strong></span> <span class='ocrx_word' id='word_1_718' title='bbox 1569 2077 1619 2102; x_wconf 84' lang='lat' dir='ltr'><strong>xu,</strong></span> <span class='ocrx_word' id='word_1_719' title='bbox 1634 2067 1693 2096; x_wconf 74' lang='grc'><strong>4-6.</strong></span> 
     </span>
    </p>
   </div>
   <div class='ocr_carea' id='block_1_85' title="bbox 306 2143 1048 2181">
    <p class='ocr_par' dir='ltr' id='par_1_85' title="bbox 306 2143 1048 2181">
     <span class='ocr_line' id='line_1_85' title="bbox 306 2143 1048 2181; baseline -0.001 -8"><span class='ocrx_word' id='word_1_720' title='bbox 306 2146 362 2181; x_wconf 77' lang='grc'><strong>(15)</strong></span> <span class='ocrx_word' id='word_1_721' title='bbox 382 2145 454 2178; x_wconf 70' lang='lat' dir='ltr'><strong>Haec,</strong></span> <span class='ocrx_word' id='word_1_722' title='bbox 468 2145 522 2181; x_wconf 39' lang='lat'><strong>615</strong></span> <span class='ocrx_word' id='word_1_723' title='bbox 532 2145 568 2181; x_wconf 17' lang='lat' dir='ltr'><strong>Enr</strong></span> <span class='ocrx_word' id='word_1_724' title='bbox 586 2143 634 2171; x_wconf 82' lang='grc' dir='ltr'>τοῦ</span> <span class='ocrx_word' id='word_1_725' title='bbox 657 2144 814 2181; x_wconf 78' lang='grc' dir='ltr'>Πνεῦματος</span> <span class='ocrx_word' id='word_1_726' title='bbox 836 2144 918 2171; x_wconf 85' lang='grc' dir='ltr'>αὐτοῦ</span> <span class='ocrx_word' id='word_1_727' title='bbox 934 2144 1048 2172; x_wconf 79' lang='grc' dir='ltr'>δέδωκεν</span> 
     </span>
    </p>
   </div>
   <div class='ocr_carea' id='block_1_86' title="bbox 269 2179 1050 2218">
    <p class='ocr_par' dir='ltr' id='par_1_86' title="bbox 269 2179 1050 2218">
     <span class='ocr_line' id='line_1_86' title="bbox 269 2179 1050 2218; baseline -0.001 -10"><span class='ocrx_word' id='word_1_728' title='bbox 269 2179 335 2218; x_wconf 80' lang='grc' dir='ltr'><strong>ημῖν</strong></span> <span class='ocrx_word' id='word_1_729' title='bbox 347 2179 446 2208; x_wconf 85' lang='lat' dir='ltr'><strong>desunt</strong></span> <span class='ocrx_word' id='word_1_730' title='bbox 458 2180 654 2218; x_wconf 38' lang='lat' dir='ltr'><strong>in_i}_o_bler.het</strong></span> <span class='ocrx_word' id='word_1_731' title='bbox 669 2179 786 2218; x_wconf 61' lang='lat' dir='ltr'><strong>Felcktn.</strong></span> <span class='ocrx_word' id='word_1_732' title='bbox 801 2181 812 2206; x_wconf 89' lang='grc' dir='ltr'><strong>ι</strong></span> <span class='ocrx_word' id='word_1_733' title='bbox 824 2188 831 2211; x_wconf 88' lang='grc'><strong>;</strong></span> <span class='ocrx_word' id='word_1_734' title='bbox 844 2181 974 2218; x_wconf 69' lang='lat' dir='ltr'><strong>neclecta</strong></span> <span class='ocrx_word' id='word_1_735' title='bbox 986 2185 1050 2207; x_wconf 89' lang='lat' dir='ltr'><strong>sunt</strong></span> 
     </span>
    </p>
   </div>
   <div class='ocr_carea' id='block_1_87' title="bbox 272 2213 1050 2250">
    <p class='ocr_par' dir='ltr' id='par_1_87' title="bbox 272 2213 1050 2250">
     <span class='ocr_line' id='line_1_87' title="bbox 272 2213 1050 2250; baseline -0.001 -6"><span class='ocrx_word' id='word_1_736' title='bbox 272 2213 306 2244; x_wconf 70' lang='lat' dir='ltr'><strong>ab</strong></span> <span class='ocrx_word' id='word_1_737' title='bbox 321 2213 477 2250; x_wconf 82' lang='lat' dir='ltr'><strong>interprete.</strong></span> <span class='ocrx_word' id='word_1_738' title='bbox 493 2214 593 2242; x_wconf 88' lang='lat' dir='ltr'><strong>Ibidem</strong></span> <span class='ocrx_word' id='word_1_739' title='bbox 608 2213 731 2250; x_wconf 77' lang='lat' dir='ltr'><strong>Seguer.,</strong></span> <span class='ocrx_word' id='word_1_740' title='bbox 746 2214 854 2250; x_wconf 61' lang='grc' dir='ltr'><strong>ἔδωκεν,</strong></span> <span class='ocrx_word' id='word_1_741' title='bbox 870 2215 936 2241; x_wconf 88' lang='lat' dir='ltr'><strong>Ibid.</strong></span> <span class='ocrx_word' id='word_1_742' title='bbox 955 2223 1050 2243; x_wconf 83' lang='lat' dir='ltr'><strong>omnes</strong></span> 
     </span>
    </p>
   </div>
   <div class='ocr_carea' id='block_1_88' title="bbox 273 2249 1050 2284">
    <p class='ocr_par' dir='ltr' id='par_1_88' title="bbox 273 2249 1050 2284">
     <span class='ocr_line' id='line_1_88' title="bbox 273 2249 1050 2284; baseline -0.003 -5"><span class='ocrx_word' id='word_1_743' title='bbox 273 2254 327 2279; x_wconf 78' lang='lat' dir='ltr'><strong>fere</strong></span> <span class='ocrx_word' id='word_1_744' title='bbox 344 2249 520 2284; x_wconf 83' lang='lat' dir='ltr'><strong>manuscripti</strong></span> <span class='ocrx_word' id='word_1_745' title='bbox 535 2250 634 2276; x_wconf 87' lang='lat' dir='ltr'><strong>habent</strong></span> <span class='ocrx_word' id='word_1_746' title='bbox 644 2249 691 2276; x_wconf 82' lang='grc' dir='ltr'><strong>καὶ</strong></span> <span class='ocrx_word' id='word_1_747' title='bbox 702 2249 746 2276; x_wconf 81' lang='grc' dir='ltr'><strong>ὅτε</strong></span> <span class='ocrx_word' id='word_1_748' title='bbox 763 2257 812 2284; x_wconf 93' lang='lat' dir='ltr'><strong>pro</strong></span> <span class='ocrx_word' id='word_1_749' title='bbox 827 2249 884 2276; x_wconf 75' lang='grc' dir='ltr'><strong>ἀλλ’</strong></span> <span class='ocrx_word' id='word_1_750' title='bbox 899 2250 955 2281; x_wconf 80' lang='grc' dir='ltr'><strong>ὅτε,</strong></span> <span class='ocrx_word' id='word_1_751' title='bbox 971 2254 1001 2276; x_wconf 91' lang='lat' dir='ltr'><strong>ut</strong></span> <span class='ocrx_word' id='word_1_752' title='bbox 1013 2250 1050 2277; x_wconf 90' lang='lat' dir='ltr'><strong>Ie-</strong></span> 
     </span>
    </p>
   </div>
   <div class='ocr_carea' id='block_1_89' title="bbox 272 2285 526 2322">
    <p class='ocr_par' dir='ltr' id='par_1_89' title="bbox 272 2285 526 2322">
     <span class='ocr_line' id='line_1_89' title="bbox 272 2285 526 2322; baseline -0.012 -8"><span class='ocrx_word' id='word_1_753' title='bbox 272 2288 385 2322; x_wconf 79' lang='lat' dir='ltr'><strong>gebatur</strong></span> <span class='ocrx_word' id='word_1_754' title='bbox 396 2285 423 2312; x_wconf 89' lang='lat' dir='ltr'><strong>in</strong></span> <span class='ocrx_word' id='word_1_755' title='bbox 437 2285 526 2322; x_wconf 73' lang='lat' dir='ltr'><strong>editis.</strong></span> 
     </span>
    </p>
   </div>
   <div class='ocr_carea' id='block_1_90' title="bbox 306 2317 1049 2357">
    <p class='ocr_par' dir='ltr' id='par_1_90' title="bbox 306 2317 1049 2357">
     <span class='ocr_line' id='line_1_90' title="bbox 306 2317 1049 2357; baseline -0.001 -9"><span class='ocrx_word' id='word_1_756' title='bbox 306 2321 362 2357; x_wconf 77' lang='grc'><strong>(16)</strong></span> <span class='ocrx_word' id='word_1_757' title='bbox 381 2321 559 2357; x_wconf 49' lang='lat' dir='ltr'><strong>Anglicanus.</strong></span> <span class='ocrx_word' id='word_1_758' title='bbox 585 2318 773 2357; x_wconf 49' lang='lat' dir='ltr'><strong>sir‘tgxérutv.</strong></span> <span class='ocrx_word' id='word_1_759' title='bbox 797 2317 950 2357; x_wconf 40' lang='grc' dir='ltr'><strong>ξίοιι-δθςζ</strong></span> <span class='ocrx_word' id='word_1_760' title='bbox 966 2319 1049 2357; x_wconf 77' lang='lat' dir='ltr'><strong>Basil.</strong></span> 
     </span>
    </p>
   </div>
   <div class='ocr_carea' id='block_1_91' title="bbox 269 2353 1049 2391">
    <p class='ocr_par' dir='ltr' id='par_1_91' title="bbox 269 2353 1049 2391">
     <span class='ocr_line' id='line_1_91' title="bbox 269 2353 1049 2391; baseline -0.003 -8"><span class='ocrx_word' id='word_1_761' title='bbox 269 2353 411 2391; x_wconf 71' lang='lat' dir='ltr'><strong>Anglican.</strong></span> <span class='ocrx_word' id='word_1_762' title='bbox 427 2353 536 2391; x_wconf 66' lang='lat' dir='ltr'><strong>Gobler.</strong></span> <span class='ocrx_word' id='word_1_763' title='bbox 551 2359 579 2382; x_wconf 91' lang='lat' dir='ltr'><strong>et</strong></span> <span class='ocrx_word' id='word_1_764' title='bbox 597 2353 758 2391; x_wconf 47' lang='lat' dir='ltr'><strong>Felckutzd,</strong></span> <span class='ocrx_word' id='word_1_765' title='bbox 785 2354 839 2380; x_wconf 82' lang='grc' dir='ltr'><strong>τῶν</strong></span> <span class='ocrx_word' id='word_1_766' title='bbox 853 2353 970 2391; x_wconf 63' lang='grc' dir='ltr'><strong>ιἡμερῶν</strong></span> <span class='ocrx_word' id='word_1_767' title='bbox 986 2355 1049 2391; x_wconf 59' lang='grc' dir='ltr'><strong>ζεού-</strong></span> 
     </span>
    </p>
   </div>
   <div class='ocr_carea' id='block_1_92' title="bbox 270 2388 1051 2422">
    <p class='ocr_par' dir='ltr' id='par_1_92' title="bbox 270 2388 1051 2422">
     <span class='ocr_line' id='line_1_92' title="bbox 270 2388 1051 2422; baseline -0.003 -4"><span class='ocrx_word' id='word_1_768' title='bbox 270 2388 332 2418; x_wconf 71' lang='grc' dir='ltr'><strong>τωιὶ.</strong></span> <span class='ocrx_word' id='word_1_769' title='bbox 351 2391 378 2417; x_wconf 91' lang='lat' dir='ltr'><strong>In</strong></span> <span class='ocrx_word' id='word_1_770' title='bbox 398 2390 463 2418; x_wconf 86' lang='lat' dir='ltr'><strong>edit.</strong></span> <span class='ocrx_word' id='word_1_771' title='bbox 490 2390 592 2416; x_wconf 79' lang='grc' dir='ltr'><strong>τούτων</strong></span> <span class='ocrx_word' id='word_1_772' title='bbox 606 2390 690 2416; x_wconf 84' lang='lat' dir='ltr'><strong>deest.</strong></span> <span class='ocrx_word' id='word_1_773' title='bbox 707 2388 790 2416; x_wconf 87' lang='lat' dir='ltr'><strong>Iidem</strong></span> <span class='ocrx_word' id='word_1_774' title='bbox 810 2388 885 2422; x_wconf 59' lang='lat' dir='ltr'><strong>mox,</strong></span> <span class='ocrx_word' id='word_1_775' title='bbox 900 2388 954 2416; x_wconf 74' lang='grc' dir='ltr'><strong>Καὶ</strong></span> <span class='ocrx_word' id='word_1_776' title='bbox 969 2389 1051 2416; x_wconf 82' lang='grc' dir='ltr'>ἀλλα-</span> 
     </span>
    </p>
   </div>
   <div class='ocr_carea' id='block_1_93' title="bbox 270 2424 1050 2462">
    <p class='ocr_par' dir='ltr' id='par_1_93' title="bbox 270 2424 1050 2462">
     <span class='ocr_line' id='line_1_93' title="bbox 270 2424 1050 2462; baseline -0.003 -9"><span class='ocrx_word' id='word_1_777' title='bbox 270 2427 318 2462; x_wconf 76' lang='grc' dir='ltr'><strong>χοῦ</strong></span> <span class='ocrx_word' id='word_1_778' title='bbox 329 2426 415 2460; x_wconf 80' lang='grc' dir='ltr'>λέγει,</span> <span class='ocrx_word' id='word_1_779' title='bbox 433 2433 478 2462; x_wconf 83' lang='lat' dir='ltr'><strong>seu</strong></span> <span class='ocrx_word' id='word_1_780' title='bbox 497 2425 527 2462; x_wconf 83' lang='lat' dir='ltr'><strong>iu</strong></span> <span class='ocrx_word' id='word_1_781' title='bbox 551 2425 638 2462; x_wconf 83' lang='lat' dir='ltr'><strong>tribus</strong></span> <span class='ocrx_word' id='word_1_782' title='bbox 662 2424 984 2462; x_wconf 72' lang='lat' dir='ltr'><strong>postretttis__xat_deest.</strong></span> <span class='ocrx_word' id='word_1_783' title='bbox 1002 2425 1050 2452; x_wconf 84' lang='grc' dir='ltr'><strong>Λέ-</strong></span> 
     </span>
    </p>
   </div>
   <div class='ocr_carea' id='block_1_94' title="bbox 269 2455 1049 2496">
    <p class='ocr_par' dir='ltr' id='par_1_94' title="bbox 269 2455 1049 2496">
     <span class='ocr_line' id='line_1_94' title="bbox 269 2455 1049 2496; baseline -0.003 -8"><span class='ocrx_word' id='word_1_784' title='bbox 269 2455 313 2496; x_wconf 62' lang='grc' dir='ltr'>γει</span> <span class='ocrx_word' id='word_1_785' title='bbox 329 2455 381 2488; x_wconf 77' lang='lat' dir='ltr'><strong>non</strong></span> <span class='ocrx_word' id='word_1_786' title='bbox 399 2455 501 2496; x_wconf 64' lang='lat' dir='ltr'><strong>legitur:</strong></span> <span class='ocrx_word' id='word_1_787' title='bbox 521 2460 547 2486; x_wconf 94' lang='lat' dir='ltr'><strong>in</strong></span> <span class='ocrx_word' id='word_1_788' title='bbox 570 2455 699 2496; x_wconf 69' lang='lat' dir='ltr'><strong>editis_et</strong></span> <span class='ocrx_word' id='word_1_789' title='bbox 712 2459 754 2496; x_wconf 90' lang='lat' dir='ltr'><strong>_in</strong></span> <span class='ocrx_word' id='word_1_790' title='bbox 774 2459 935 2496; x_wconf 83' lang='lat' dir='ltr'><strong>quibusdam</strong></span> <span class='ocrx_word' id='word_1_791' title='bbox 950 2468 1049 2496; x_wconf 79' lang='lat' dir='ltr'><strong>manu-</strong></span> 
     </span>
    </p>
   </div>
   <div class='ocr_carea' id='block_1_95' title="bbox 270 2493 1049 2531">
    <p class='ocr_par' dir='ltr' id='par_1_95' title="bbox 270 2493 1049 2531">
     <span class='ocr_line' id='line_1_95' title="bbox 270 2493 1049 2531; baseline -0.001 -8"><span class='ocrx_word' id='word_1_792' title='bbox 270 2493 388 2531; x_wconf 65' lang='lat' dir='ltr'><strong>Scriptis.</strong></span> <span class='ocrx_word' id='word_1_793' title='bbox 405 2493 466 2522; x_wconf 72' lang='lat' dir='ltr'><strong>Mox</strong></span> <span class='ocrx_word' id='word_1_794' title='bbox 483 2495 592 2522; x_wconf 87' lang='lat' dir='ltr'><strong>Gobler.</strong></span> <span class='ocrx_word' id='word_1_795' title='bbox 607 2500 634 2522; x_wconf 90' lang='lat' dir='ltr'><strong>et</strong></span> <span class='ocrx_word' id='word_1_796' title='bbox 643 2493 767 2531; x_wconf 20' lang='lat' dir='ltr'><strong>rEelckm.</strong></span> <span class='ocrx_word' id='word_1_797' title='bbox 783 2493 809 2525; x_wconf 77' lang='lat' dir='ltr'><strong>I,</strong></span> <span class='ocrx_word' id='word_1_798' title='bbox 825 2495 923 2531; x_wconf 64' lang='grc' dir='ltr'>ἐλάλει,</span> <span class='ocrx_word' id='word_1_799' title='bbox 939 2495 1049 2531; x_wconf 82' lang='lat' dir='ltr'><strong>ibidem-</strong></span> 
     </span>
    </p>
   </div>
   <div class='ocr_carea' id='block_1_96' title="bbox 269 2529 1049 2573">
    <p class='ocr_par' dir='ltr' id='par_1_96' title="bbox 269 2529 1049 2573">
     <span class='ocr_line' id='line_1_96' title="bbox 269 2529 1049 2573; baseline -0.003 -15"><span class='ocrx_word' id='word_1_800' title='bbox 269 2529 398 2573; x_wconf 64' lang='lat' dir='ltr'><strong>quecum</strong></span> <span class='ocrx_word' id='word_1_801' title='bbox 415 2530 590 2566; x_wconf 80' lang='lat' dir='ltr'><strong>Segueriauo,</strong></span> <span class='ocrx_word' id='word_1_802' title='bbox 602 2529 692 2560; x_wconf 83' lang='grc' dir='ltr'>καθώς</span> <span class='ocrx_word' id='word_1_803' title='bbox 708 2536 790 2564; x_wconf 83' lang='grc' dir='ltr'>φησιν</span> <span class='ocrx_word' id='word_1_804' title='bbox 802 2538 808 2544; x_wconf 94' lang='grc'><strong>-</strong></span> <span class='ocrx_word' id='word_1_805' title='bbox 824 2530 859 2556; x_wconf 88' lang='grc' dir='ltr'><strong>Ἦ</strong></span> <span class='ocrx_word' id='word_1_806' title='bbox 872 2529 987 2566; x_wconf 84' lang='grc' dir='ltr'>δοκιμὴν</span> <span class='ocrx_word' id='word_1_807' title='bbox 1003 2529 1049 2566; x_wconf 79' lang='grc' dir='ltr'><strong>ζη-</strong></span> 
     </span>
    </p>
   </div>
   <div class='ocr_carea' id='block_1_97' title="bbox 269 2575 348 2593">
    <p class='ocr_par' dir='ltr' id='par_1_97' title="bbox 269 2575 348 2593">
     <span class='ocr_line' id='line_1_97' title="bbox 269 2575 348 2593; baseline -0.013 0"><span class='ocrx_word' id='word_1_808' title='bbox 269 2575 348 2593; x_wconf 83' lang='grc' dir='ltr'>τειτε.</span> 
     </span>
    </p>
   </div>
   <div class='ocr_carea' id='block_1_98' title="bbox 306 2598 1048 2636">
    <p class='ocr_par' dir='ltr' id='par_1_98' title="bbox 306 2598 1048 2636">
     <span class='ocr_line' id='line_1_98' title="bbox 306 2598 1048 2636; baseline 0 -9"><span class='ocrx_word' id='word_1_809' title='bbox 306 2601 361 2636; x_wconf 79' lang='grc'><strong>(17)</strong></span> <span class='ocrx_word' id='word_1_810' title='bbox 382 2600 507 2636; x_wconf 79' lang='lat' dir='ltr'><strong>Sic_Seg.</strong></span> <span class='ocrx_word' id='word_1_811' title='bbox 520 2599 599 2636; x_wconf 20' lang='lat' dir='ltr'><strong>Gobii.</strong></span> <span class='ocrx_word' id='word_1_812' title='bbox 611 2603 638 2627; x_wconf 92' lang='lat' dir='ltr'><strong>et</strong></span> <span class='ocrx_word' id='word_1_813' title='bbox 652 2598 770 2636; x_wconf 83' lang='lat' dir='ltr'><strong>Felcktn.</strong></span> <span class='ocrx_word' id='word_1_814' title='bbox 787 2599 814 2631; x_wconf 78' lang='grc'><strong>1,</strong></span> <span class='ocrx_word' id='word_1_815' title='bbox 829 2603 912 2627; x_wconf 90' lang='lat' dir='ltr'><strong>recte.</strong></span> <span class='ocrx_word' id='word_1_816' title='bbox 939 2599 1010 2636; x_wconf 67' lang='lat' dir='ltr'><strong>Editi</strong></span> <span class='ocrx_word' id='word_1_817' title='bbox 1021 2603 1048 2627; x_wconf 87' lang='lat' dir='ltr'><strong>et</strong></span> 
     </span>
    </p>
   </div>
   <div class='ocr_carea' id='block_1_99' title="bbox 270 2634 1047 2672">
    <p class='ocr_par' dir='ltr' id='par_1_99' title="bbox 270 2634 1047 2672">
     <span class='ocr_line' id='line_1_99' title="bbox 270 2634 1047 2672; baseline 0 -10"><span class='ocrx_word' id='word_1_818' title='bbox 270 2634 324 2668; x_wconf 81' lang='lat' dir='ltr'><strong>alii,</strong></span> <span class='ocrx_word' id='word_1_819' title='bbox 338 2636 402 2672; x_wconf 82' lang='grc' dir='ltr'>ὅταν</span> <span class='ocrx_word' id='word_1_820' title='bbox 413 2634 468 2663; x_wconf 83' lang='grc' dir='ltr'>οὖν.</span> <span class='ocrx_word' id='word_1_821' title='bbox 485 2634 546 2672; x_wconf 66' lang='lat' dir='ltr'><strong>Mox</strong></span> <span class='ocrx_word' id='word_1_822' title='bbox 572 2635 634 2670; x_wconf 79' lang='lat' dir='ltr'><strong>Seg.</strong></span> <span class='ocrx_word' id='word_1_823' title='bbox 653 2634 869 2672; x_wconf 81' lang='grc' dir='ltr'>παραδώσουσιν,</span> <span class='ocrx_word' id='word_1_824' title='bbox 882 2641 964 2662; x_wconf 85' lang='lat' dir='ltr'><strong>recte.</strong></span> <span class='ocrx_word' id='word_1_825' title='bbox 978 2635 1047 2663; x_wconf 82' lang='lat' dir='ltr'><strong>Editi</strong></span> 
     </span>
    </p>
   </div>
   <div class='ocr_carea' id='block_1_100' title="bbox 268 2670 627 2714">
    <p class='ocr_par' dir='ltr' id='par_1_100' title="bbox 268 2670 627 2714">
     <span class='ocr_line' id='line_1_100' title="bbox 268 2670 627 2714; baseline -0.003 -17"><span class='ocrx_word' id='word_1_826' title='bbox 268 2676 295 2698; x_wconf 86' lang='lat' dir='ltr'><strong>et</strong></span> <span class='ocrx_word' id='word_1_827' title='bbox 306 2671 410 2714; x_wconf 40' lang='lat' dir='ltr'><strong>captari,</strong></span> <span class='ocrx_word' id='word_1_828' title='bbox 422 2670 627 2714; x_wconf 54' lang='lat' dir='ltr'><strong>uapaodicwstrv.</strong></span> 
     </span>
    </p>
   </div>
   <div class='ocr_carea' id='block_1_101' title="bbox 304 2704 1047 2740">
    <p class='ocr_par' dir='ltr' id='par_1_101' title="bbox 304 2704 1047 2740">
     <span class='ocr_line' id='line_1_101' title="bbox 304 2704 1047 2740; baseline 0.001 -9"><span class='ocrx_word' id='word_1_829' title='bbox 304 2706 358 2740; x_wconf 83' lang='lat' dir='ltr'><strong>(I8)</strong></span> <span class='ocrx_word' id='word_1_830' title='bbox 380 2705 441 2740; x_wconf 81' lang='lat' dir='ltr'><strong>Seg.</strong></span> <span class='ocrx_word' id='word_1_831' title='bbox 458 2704 537 2733; x_wconf 78' lang='lat' dir='ltr'><strong>Cobl.</strong></span> <span class='ocrx_word' id='word_1_832' title='bbox 557 2711 584 2732; x_wconf 89' lang='lat' dir='ltr'><strong>et</strong></span> <span class='ocrx_word' id='word_1_833' title='bbox 596 2704 711 2732; x_wconf 83' lang='lat' dir='ltr'><strong>Felckm.</strong></span> <span class='ocrx_word' id='word_1_834' title='bbox 727 2705 753 2736; x_wconf 84' lang='lat' dir='ltr'><strong>I,</strong></span> <span class='ocrx_word' id='word_1_835' title='bbox 767 2705 812 2732; x_wconf 79' lang='grc' dir='ltr'>ὅτε</span> <span class='ocrx_word' id='word_1_836' title='bbox 839 2704 883 2732; x_wconf 90' lang='lat' dir='ltr'><strong>hic</strong></span> <span class='ocrx_word' id='word_1_837' title='bbox 907 2709 934 2732; x_wconf 88' lang='lat' dir='ltr'><strong>et</strong></span> <span class='ocrx_word' id='word_1_838' title='bbox 955 2705 996 2732; x_wconf 85' lang='lat' dir='ltr'><strong>bis</strong></span> <span class='ocrx_word' id='word_1_839' title='bbox 1020 2705 1047 2732; x_wconf 88' lang='lat' dir='ltr'><strong>in</strong></span> 
     </span>
    </p>
   </div>
   <div class='ocr_carea' id='block_1_102' title="bbox 270 2739 1043 2801">
    <p class='ocr_par' dir='ltr' id='par_1_102' title="bbox 270 2739 1043 2801">
     <span class='ocr_line' id='line_1_102' title="bbox 270 2739 1043 2775; baseline 0.001 -9"><span class='ocrx_word' id='word_1_840' title='bbox 270 2739 445 2774; x_wconf 80' lang='lat' dir='ltr'><strong>sequentibus</strong></span> <span class='ocrx_word' id='word_1_841' title='bbox 470 2741 569 2767; x_wconf 81' lang='lat' dir='ltr'><strong>habent</strong></span> <span class='ocrx_word' id='word_1_842' title='bbox 587 2740 714 2775; x_wconf 83' lang='lat' dir='ltr'><strong>(Gobler.</strong></span> <span class='ocrx_word' id='word_1_843' title='bbox 728 2744 818 2766; x_wconf 87' lang='lat' dir='ltr'><strong>tamen</strong></span> <span class='ocrx_word' id='word_1_844' title='bbox 843 2743 869 2767; x_wconf 83' lang='lat' dir='ltr'><strong>et</strong></span> <span class='ocrx_word' id='word_1_845' title='bbox 895 2739 1013 2767; x_wconf 74' lang='lat' dir='ltr'><strong>Felekm.</strong></span> <span class='ocrx_word' id='word_1_846' title='bbox 1031 2741 1043 2768; x_wconf 80' lang='grc'><strong>1</strong></span> 
     </span>
     <span class='ocr_line' id='line_1_103' title="bbox 270 2774 1043 2801; baseline 0 0"><span class='ocrx_word' id='word_1_847' title='bbox 270 2775 370 2801; x_wconf 84' lang='lat' dir='ltr'><strong>habent</strong></span> <span class='ocrx_word' id='word_1_848' title='bbox 385 2777 472 2801; x_wconf 78' lang='lat' dir='ltr'><strong>primo</strong></span> <span class='ocrx_word' id='word_1_849' title='bbox 488 2780 593 2801; x_wconf 87' lang='lat' dir='ltr'><strong>tantum</strong></span> <span class='ocrx_word' id='word_1_850' title='bbox 607 2775 677 2801; x_wconf 89' lang='lat' dir='ltr'><strong>loco.</strong></span> <span class='ocrx_word' id='word_1_851' title='bbox 691 2775 753 2801; x_wconf 81' lang='grc' dir='ltr'><strong>ὅτι).</strong></span> <span class='ocrx_word' id='word_1_852' title='bbox 769 2774 839 2801; x_wconf 85' lang='lat' dir='ltr'><strong>Editi</strong></span> <span class='ocrx_word' id='word_1_853' title='bbox 858 2779 910 2801; x_wconf 88' lang='lat' dir='ltr'><strong>ter.</strong></span> <span class='ocrx_word' id='word_1_854' title='bbox 926 2775 1002 2801; x_wconf 79' lang='grc' dir='ltr'><strong>ποτέ.</strong></span> <span class='ocrx_word' id='word_1_855' title='bbox 1018 2775 1043 2801; x_wconf 90' lang='lat' dir='ltr'><strong>lu</strong></span> 
     </span>
    </p>
   </div>
   <div class='ocr_carea' id='block_1_103' title="bbox 269 2775 1046 2846">
    <p class='ocr_par' dir='ltr' id='par_1_103' title="bbox 269 2775 1046 2846">
     <span class='ocr_line' id='line_1_104' title="bbox 270 2775 1045 2810; baseline 0 -9"><span class='ocrx_word' id='word_1_856' title='bbox 270 2775 370 2802; x_wconf 84' lang='lat' dir='ltr'><strong>habent</strong></span> <span class='ocrx_word' id='word_1_857' title='bbox 384 2777 472 2809; x_wconf 88' lang='lat' dir='ltr'><strong>primo</strong></span> <span class='ocrx_word' id='word_1_858' title='bbox 488 2780 593 2802; x_wconf 89' lang='lat' dir='ltr'><strong>tantum</strong></span> <span class='ocrx_word' id='word_1_859' title='bbox 607 2775 677 2806; x_wconf 90' lang='lat' dir='ltr'><strong>loco,</strong></span> <span class='ocrx_word' id='word_1_860' title='bbox 691 2775 753 2810; x_wconf 84' lang='grc' dir='ltr'><strong>ὅτι).</strong></span> <span class='ocrx_word' id='word_1_861' title='bbox 769 2775 839 2801; x_wconf 85' lang='lat' dir='ltr'><strong>Editi</strong></span> <span class='ocrx_word' id='word_1_862' title='bbox 858 2779 910 2807; x_wconf 87' lang='lat' dir='ltr'><strong>ter,</strong></span> <span class='ocrx_word' id='word_1_863' title='bbox 926 2775 1002 2802; x_wconf 79' lang='grc' dir='ltr'>ποτέ.</span> <span class='ocrx_word' id='word_1_864' title='bbox 1018 2775 1045 2802; x_wconf 88' lang='lat' dir='ltr'><strong>lu</strong></span> 
     </span>
     <span class='ocr_line' id='line_1_105' title="bbox 269 2809 1046 2846; baseline 0.001 -10"><span class='ocrx_word' id='word_1_865' title='bbox 269 2810 375 2846; x_wconf 75' lang='lat' dir='ltr'><strong>iisdem,</strong></span> <span class='ocrx_word' id='word_1_866' title='bbox 388 2811 433 2846; x_wconf 69' lang='grc' dir='ltr'>ξγεε</span> <span class='ocrx_word' id='word_1_867' title='bbox 445 2810 498 2846; x_wconf 62' lang='grc' dir='ltr'><strong>μὲν</strong></span> <span class='ocrx_word' id='word_1_868' title='bbox 513 2809 596 2845; x_wconf 72' lang='grc' dir='ltr'>λέγει.</span> <span class='ocrx_word' id='word_1_869' title='bbox 615 2810 683 2837; x_wconf 89' lang='lat' dir='ltr'><strong>Editi</strong></span> <span class='ocrx_word' id='word_1_870' title='bbox 700 2818 762 2837; x_wconf 82' lang='lat' dir='ltr'><strong>vero</strong></span> <span class='ocrx_word' id='word_1_871' title='bbox 774 2814 800 2837; x_wconf 87' lang='lat' dir='ltr'><strong>et</strong></span> <span class='ocrx_word' id='word_1_872' title='bbox 813 2810 869 2841; x_wconf 83' lang='lat' dir='ltr'><strong>alii,</strong></span> <span class='ocrx_word' id='word_1_873' title='bbox 884 2811 948 2837; x_wconf 79' lang='grc' dir='ltr'><strong>ποτὲ</strong></span> <span class='ocrx_word' id='word_1_874' title='bbox 965 2811 1014 2846; x_wconf 78' lang='grc' dir='ltr'><strong>μὲν</strong></span> <span class='ocrx_word' id='word_1_875' title='bbox 1031 2811 1046 2836; x_wconf 88' lang='lat'><strong>6</strong></span> 
     </span>
    </p>
   </div>
   <div class='ocr_carea' id='block_1_104' title="bbox 275 2844 528 2877">
    <p class='ocr_par' dir='ltr' id='par_1_104' title="bbox 275 2844 528 2877">
     <span class='ocr_line' id='line_1_106' title="bbox 275 2844 528 2877; baseline -0.004 -7"><span class='ocrx_word' id='word_1_876' title='bbox 275 2844 431 2875; x_wconf 78' lang='grc' dir='ltr'><strong>Ἀπόστολος</strong></span> <span class='ocrx_word' id='word_1_877' title='bbox 445 2844 528 2877; x_wconf 83' lang='grc' dir='ltr'><strong>λέγει.</strong></span> 
     </span>
    </p>
   </div>
   <div class='ocr_carea' id='block_1_105' title="bbox 1137 2146 1886 2183">
    <p class='ocr_par' dir='ltr' id='par_1_105' title="bbox 1137 2146 1886 2183">
     <span class='ocr_line' id='line_1_107' title="bbox 1137 2146 1886 2183; baseline 0.004 -10"><span class='ocrx_word' id='word_1_878' title='bbox 1137 2146 1197 2183; x_wconf 69' lang='grc'><strong>(19)</strong></span> <span class='ocrx_word' id='word_1_879' title='bbox 1213 2146 1394 2183; x_wconf 77' lang='lat' dir='ltr'><strong>Seguerianus</strong></span> <span class='ocrx_word' id='word_1_880' title='bbox 1412 2146 1508 2183; x_wconf 67' lang='lat' dir='ltr'><strong>habet</strong></span> <span class='ocrx_word' id='word_1_881' title='bbox 1522 2146 1536 2173; x_wconf 88' lang='grc' dir='ltr'><strong>δ</strong></span> <span class='ocrx_word' id='word_1_882' title='bbox 1554 2147 1776 2183; x_wconf 50' lang='lat' dir='ltr'><strong>anteis/amilum.</strong></span> <span class='ocrx_word' id='word_1_883' title='bbox 1799 2147 1886 2176; x_wconf 83' lang='lat' dir='ltr'><strong>Paulo</strong></span> 
     </span>
    </p>
   </div>
   <div class='ocr_carea' id='block_1_106' title="bbox 1063 2180 1884 2219">
    <p class='ocr_par' dir='ltr' id='par_1_106' title="bbox 1063 2180 1884 2219">
     <span class='ocr_line' id='line_1_108' title="bbox 1063 2180 1884 2219; baseline 0.004 -12"><span class='ocrx_word' id='word_1_884' title='bbox 1063 2184 1086 2213; x_wconf 82' lang='grc' dir='ltr'><strong>ι)</strong></span> <span class='ocrx_word' id='word_1_885' title='bbox 1099 2180 1162 2219; x_wconf 77' lang='lat' dir='ltr'><strong>post</strong></span> <span class='ocrx_word' id='word_1_886' title='bbox 1177 2180 1340 2219; x_wconf 51' lang='lat' dir='ltr'><strong>FfICKln._5,</strong></span> <span class='ocrx_word' id='word_1_887' title='bbox 1355 2181 1443 2219; x_wconf 74' lang='grc' dir='ltr'>αὐτῶν</span> <span class='ocrx_word' id='word_1_888' title='bbox 1460 2181 1535 2219; x_wconf 56' lang='grc' dir='ltr'>θεός.</span> <span class='ocrx_word' id='word_1_889' title='bbox 1558 2180 1818 2219; x_wconf 39' lang='lat' dir='ltr'><strong>Statimque-Bas“.</strong></span> <span class='ocrx_word' id='word_1_890' title='bbox 1837 2193 1884 2219; x_wconf 82' lang='grc' dir='ltr'>μοι</span> 
     </span>
    </p>
   </div>
   <div class='ocr_carea' id='block_1_107' title="bbox 1100 2211 1887 2278">
    <p class='ocr_par' dir='ltr' id='par_1_107' title="bbox 1100 2211 1887 2278">
     <span class='ocr_line' id='line_1_109' title="bbox 1100 2211 1887 2278; baseline 0.004 -36"><span class='ocrx_word' id='word_1_891' title='bbox 1100 2211 1139 2259; x_wconf 62' lang='lat' dir='ltr'><strong>Et;</strong></span> <span class='ocrx_word' id='word_1_892' title='bbox 1152 2216 1228 2278; x_wconf 45' lang='lat' dir='ltr'><strong>dum.</strong></span> <span class='ocrx_word' id='word_1_893' title='bbox 1239 2216 1323 2243; x_wconf 83' lang='lat' dir='ltr'><strong>Paulo</strong></span> <span class='ocrx_word' id='word_1_894' title='bbox 1335 2211 1399 2251; x_wconf 78' lang='lat' dir='ltr'><strong>post</strong></span> <span class='ocrx_word' id='word_1_895' title='bbox 1413 2211 1553 2251; x_wconf 75' lang='lat' dir='ltr'><strong>Anglican.</strong></span> <span class='ocrx_word' id='word_1_896' title='bbox 1569 2221 1598 2244; x_wconf 85' lang='lat' dir='ltr'><strong>et</strong></span> <span class='ocrx_word' id='word_1_897' title='bbox 1611 2211 1728 2245; x_wconf 63' lang='lat' dir='ltr'><strong>FcICkm.</strong></span> <span class='ocrx_word' id='word_1_898' title='bbox 1746 2218 1773 2251; x_wconf 81' lang='lat'><strong>5,</strong></span> <span class='ocrx_word' id='word_1_899' title='bbox 1789 2211 1887 2255; x_wconf 72' lang='grc' dir='ltr'>φθέρεῖ</span> 
     </span>
     <span class='ocr_line' id='line_1_110' title="bbox 1101 2260 1191 2278; baseline 0.011 -1"><span class='ocrx_word' id='word_1_900' title='bbox 1101 2260 1150 2277; x_wconf 73' lang='grc' dir='ltr'><strong>αυτ</strong></span> <span class='ocrx_word' id='word_1_901' title='bbox 1166 2260 1191 2278; x_wconf 81' lang='grc' dir='ltr'><strong><em>ν-</em></strong></span> 
     </span>
    </p>
   </div>
   <div class='ocr_carea' id='block_1_108' title="bbox 1101 2260 1191 2278">
    <p class='ocr_par' dir='ltr' id='par_1_108' title="bbox 1101 2260 1191 2278">
     <span class='ocr_line' id='line_1_111' title="bbox 1101 2260 1191 2278; baseline 0.011 -1"><span class='ocrx_word' id='word_1_902' title='bbox 1101 2260 1191 2278; x_wconf 78' lang='grc' dir='ltr'>αυτον.</span> 
     </span>
    </p>
   </div>
   <div class='ocr_carea' id='block_1_109' title="bbox 1136 2285 1885 2321">
    <p class='ocr_par' dir='ltr' id='par_1_109' title="bbox 1136 2285 1885 2321">
     <span class='ocr_line' id='line_1_112' title="bbox 1136 2285 1885 2321; baseline 0.005 -9"><span class='ocrx_word' id='word_1_903' title='bbox 1136 2286 1192 2321; x_wconf 75' lang='grc'><strong>(20)</strong></span> <span class='ocrx_word' id='word_1_904' title='bbox 1213 2286 1334 2321; x_wconf 79' lang='lat' dir='ltr'><strong>Quatuor</strong></span> <span class='ocrx_word' id='word_1_905' title='bbox 1359 2285 1536 2321; x_wconf 82' lang='lat' dir='ltr'><strong>manuscript.</strong></span> <span class='ocrx_word' id='word_1_906' title='bbox 1564 2287 1612 2313; x_wconf 74' lang='grc' dir='ltr'><strong>καὶ</strong></span> <span class='ocrx_word' id='word_1_907' title='bbox 1643 2287 1683 2314; x_wconf 84' lang='grc' dir='ltr'><strong>ὅτι</strong></span> <span class='ocrx_word' id='word_1_908' title='bbox 1708 2287 1748 2314; x_wconf 79' lang='grc' dir='ltr'><strong>τό.</strong></span> <span class='ocrx_word' id='word_1_909' title='bbox 1779 2286 1885 2316; x_wconf 85' lang='lat' dir='ltr'><strong>Ibidem</strong></span> 
     </span>
    </p>
   </div>
   <div class='ocr_carea' id='block_1_110' title="bbox 1099 2320 1886 2356">
    <p class='ocr_par' dir='ltr' id='par_1_110' title="bbox 1099 2320 1886 2356">
     <span class='ocr_line' id='line_1_113' title="bbox 1099 2320 1886 2356; baseline 0.003 -8"><span class='ocrx_word' id='word_1_910' title='bbox 1099 2327 1161 2356; x_wconf 86' lang='lat' dir='ltr'><strong>post</strong></span> <span class='ocrx_word' id='word_1_911' title='bbox 1177 2321 1207 2347; x_wconf 82' lang='grc' dir='ltr'><strong>τὸ</strong></span> <span class='ocrx_word' id='word_1_912' title='bbox 1222 2320 1334 2356; x_wconf 82' lang='grc' dir='ltr'><strong>Πνεῦμα</strong></span> <span class='ocrx_word' id='word_1_913' title='bbox 1347 2320 1394 2347; x_wconf 77' lang='grc' dir='ltr'>τοῦ</span> <span class='ocrx_word' id='word_1_914' title='bbox 1411 2321 1489 2352; x_wconf 82' lang='grc' dir='ltr'>Θεοῦ,</span> <span class='ocrx_word' id='word_1_915' title='bbox 1505 2321 1602 2356; x_wconf 73' lang='lat' dir='ltr'><strong>legitur</strong></span> <span class='ocrx_word' id='word_1_916' title='bbox 1615 2321 1645 2348; x_wconf 81' lang='grc' dir='ltr'>τὸ</span> <span class='ocrx_word' id='word_1_917' title='bbox 1659 2322 1735 2356; x_wconf 78' lang='grc' dir='ltr'>ἃγιον</span> <span class='ocrx_word' id='word_1_918' title='bbox 1751 2322 1776 2348; x_wconf 88' lang='lat' dir='ltr'><strong>in</strong></span> <span class='ocrx_word' id='word_1_919' title='bbox 1803 2324 1886 2350; x_wconf 59' lang='lat' dir='ltr'><strong>editis</strong></span> 
     </span>
    </p>
   </div>
   <div class='ocr_carea' id='block_1_111' title="bbox 1100 2356 1888 2397">
    <p class='ocr_par' dir='ltr' id='par_1_111' title="bbox 1100 2356 1888 2397">
     <span class='ocr_line' id='line_1_114' title="bbox 1100 2356 1888 2397; baseline 0.005 -15"><span class='ocrx_word' id='word_1_920' title='bbox 1100 2361 1126 2397; x_wconf 76' lang='lat' dir='ltr'><strong>et.</strong></span> <span class='ocrx_word' id='word_1_921' title='bbox 1140 2357 1167 2383; x_wconf 89' lang='lat' dir='ltr'><strong>in</strong></span> <span class='ocrx_word' id='word_1_922' title='bbox 1183 2356 1346 2391; x_wconf 84' lang='lat' dir='ltr'><strong>quibusdam</strong></span> <span class='ocrx_word' id='word_1_923' title='bbox 1358 2356 1559 2391; x_wconf 87' lang='lat' dir='ltr'><strong>manuscriptis,</strong></span> <span class='ocrx_word' id='word_1_924' title='bbox 1576 2357 1624 2384; x_wconf 86' lang='lat' dir='ltr'><strong>sed</strong></span> <span class='ocrx_word' id='word_1_925' title='bbox 1642 2357 1719 2384; x_wconf 86' lang='lat' dir='ltr'><strong>deest</strong></span> <span class='ocrx_word' id='word_1_926' title='bbox 1734 2357 1760 2383; x_wconf 92' lang='lat' dir='ltr'><strong>in</strong></span> <span class='ocrx_word' id='word_1_927' title='bbox 1780 2358 1888 2394; x_wconf 76' lang='lat' dir='ltr'><strong>Segne—</strong></span> 
     </span>
    </p>
   </div>
   <div class='ocr_carea' id='block_1_112' title="bbox 1099 2398 1189 2418">
    <p class='ocr_par' dir='ltr' id='par_1_112' title="bbox 1099 2398 1189 2418">
     <span class='ocr_line' id='line_1_115' title="bbox 1099 2398 1189 2418; baseline -0.011 0"><span class='ocrx_word' id='word_1_928' title='bbox 1099 2398 1189 2418; x_wconf 81' lang='lat' dir='ltr'><strong>nano.</strong></span> 
     </span>
    </p>
   </div>
   <div class='ocr_carea' id='block_1_113' title="bbox 1135 2425 1669 2462">
    <p class='ocr_par' dir='ltr' id='par_1_113' title="bbox 1135 2425 1669 2462">
     <span class='ocr_line' id='line_1_116' title="bbox 1135 2425 1669 2462; baseline 0.004 -10"><span class='ocrx_word' id='word_1_929' title='bbox 1135 2426 1191 2462; x_wconf 72' lang='lat' dir='ltr'><strong>(2t)</strong></span> <span class='ocrx_word' id='word_1_930' title='bbox 1210 2425 1258 2462; x_wconf 80' lang='lat' dir='ltr'><strong>Sic</strong></span> <span class='ocrx_word' id='word_1_931' title='bbox 1271 2425 1460 2462; x_wconf 79' lang='lat' dir='ltr'><strong>seguer.Editi</strong></span> <span class='ocrx_word' id='word_1_932' title='bbox 1477 2425 1523 2453; x_wconf 85' lang='grc' dir='ltr'>καί</span> <span class='ocrx_word' id='word_1_933' title='bbox 1540 2433 1590 2460; x_wconf 91' lang='lat' dir='ltr'><strong>pro</strong></span> <span class='ocrx_word' id='word_1_934' title='bbox 1601 2427 1669 2454; x_wconf 74' lang='grc' dir='ltr'><strong>ἐκεῖ.</strong></span> 
     </span>
    </p>
   </div>
   <div class='ocr_carea' id='block_1_114' title="bbox 1134 2460 1885 2497">
    <p class='ocr_par' dir='ltr' id='par_1_114' title="bbox 1134 2460 1885 2497">
     <span class='ocr_line' id='line_1_117' title="bbox 1134 2460 1885 2497; baseline 0.004 -10"><span class='ocrx_word' id='word_1_935' title='bbox 1134 2460 1190 2497; x_wconf 65' lang='lat'><strong>(2‘2)</strong></span> <span class='ocrx_word' id='word_1_936' title='bbox 1210 2461 1270 2487; x_wconf 84' lang='grc' dir='ltr'><strong>’Ότι</strong></span> <span class='ocrx_word' id='word_1_937' title='bbox 1285 2460 1361 2497; x_wconf 77' lang='lat' dir='ltr'><strong>deest</strong></span> <span class='ocrx_word' id='word_1_938' title='bbox 1377 2462 1404 2488; x_wconf 90' lang='lat' dir='ltr'><strong>in</strong></span> <span class='ocrx_word' id='word_1_939' title='bbox 1417 2462 1497 2488; x_wconf 89' lang='lat' dir='ltr'><strong>editis</strong></span> <span class='ocrx_word' id='word_1_940' title='bbox 1513 2465 1546 2497; x_wconf 23' lang='lat' dir='ltr'><strong>et,</strong></span> <span class='ocrx_word' id='word_1_941' title='bbox 1561 2462 1587 2488; x_wconf 93' lang='lat' dir='ltr'><strong>in</strong></span> <span class='ocrx_word' id='word_1_942' title='bbox 1604 2462 1766 2496; x_wconf 85' lang='lat' dir='ltr'><strong>quibusdam</strong></span> <span class='ocrx_word' id='word_1_943' title='bbox 1781 2469 1885 2490; x_wconf 83' lang='lat' dir='ltr'><strong>mann-</strong></span> 
     </span>
    </p>
   </div>
   <div class='ocr_carea' id='block_1_115' title="bbox 1099 2496 1886 2534">
    <p class='ocr_par' dir='ltr' id='par_1_115' title="bbox 1099 2496 1886 2534">
     <span class='ocr_line' id='line_1_118' title="bbox 1099 2496 1886 2534; baseline 0.001 -10"><span class='ocrx_word' id='word_1_944' title='bbox 1099 2497 1219 2534; x_wconf 71' lang='lat' dir='ltr'><strong>scriptis.</strong></span> <span class='ocrx_word' id='word_1_945' title='bbox 1238 2496 1283 2534; x_wconf 77' lang='lat' dir='ltr'><strong>sed</strong></span> <span class='ocrx_word' id='word_1_946' title='bbox 1298 2496 1413 2534; x_wconf 68' lang='lat' dir='ltr'><strong>habetur</strong></span> <span class='ocrx_word' id='word_1_947' title='bbox 1434 2496 1459 2522; x_wconf 89' lang='lat' dir='ltr'><strong>in</strong></span> <span class='ocrx_word' id='word_1_948' title='bbox 1479 2496 1699 2534; x_wconf 34' lang='lat' dir='ltr'><strong>pluribusslufra</strong></span> <span class='ocrx_word' id='word_1_949' title='bbox 1719 2497 1790 2534; x_wconf 30' lang='lat' dir='ltr'><strong>S31:</strong></span> <span class='ocrx_word' id='word_1_950' title='bbox 1813 2499 1886 2534; x_wconf 72' lang='grc' dir='ltr'>σὰρξ</span> 
     </span>
    </p>
   </div>
   <div class='ocr_carea' id='block_1_116' title="bbox 1098 2530 1883 2566">
    <p class='ocr_par' dir='ltr' id='par_1_116' title="bbox 1098 2530 1883 2566">
     <span class='ocr_line' id='line_1_119' title="bbox 1098 2530 1883 2566; baseline 0.004 -9"><span class='ocrx_word' id='word_1_951' title='bbox 1098 2531 1173 2558; x_wconf 77' lang='grc' dir='ltr'>οὐδὲν</span> <span class='ocrx_word' id='word_1_952' title='bbox 1186 2531 1292 2565; x_wconf 79' lang='grc' dir='ltr'><strong>ὠφελεῖ.</strong></span> <span class='ocrx_word' id='word_1_953' title='bbox 1306 2530 1367 2566; x_wconf 72' lang='lat' dir='ltr'><strong>Mox</strong></span> <span class='ocrx_word' id='word_1_954' title='bbox 1386 2531 1543 2566; x_wconf 79' lang='lat' dir='ltr'><strong>Seguerian.</strong></span> <span class='ocrx_word' id='word_1_955' title='bbox 1559 2531 1666 2559; x_wconf 79' lang='lat' dir='ltr'><strong>Gohler.</strong></span> <span class='ocrx_word' id='word_1_956' title='bbox 1682 2537 1708 2559; x_wconf 90' lang='lat' dir='ltr'><strong>et</strong></span> <span class='ocrx_word' id='word_1_957' title='bbox 1721 2531 1840 2560; x_wconf 77' lang='lat' dir='ltr'><strong>Felrkm.</strong></span> <span class='ocrx_word' id='word_1_958' title='bbox 1852 2530 1883 2566; x_wconf 53' lang='grc' dir='ltr'>ἰζ</span> 
     </span>
    </p>
   </div>
   <div class='ocr_carea' id='block_1_117' title="bbox 1097 2565 1795 2601">
    <p class='ocr_par' dir='ltr' id='par_1_117' title="bbox 1097 2565 1795 2601">
     <span class='ocr_line' id='line_1_120' title="bbox 1097 2565 1795 2601; baseline 0.001 -8"><span class='ocrx_word' id='word_1_959' title='bbox 1097 2567 1127 2594; x_wconf 82' lang='grc' dir='ltr'>τὺ</span> <span class='ocrx_word' id='word_1_960' title='bbox 1140 2566 1168 2593; x_wconf 85' lang='grc' dir='ltr'>δὲ</span> <span class='ocrx_word' id='word_1_961' title='bbox 1184 2566 1306 2601; x_wconf 85' lang='grc' dir='ltr'>Πνεῦμα.</span> <span class='ocrx_word' id='word_1_962' title='bbox 1323 2565 1350 2593; x_wconf 92' lang='lat' dir='ltr'><strong>In</strong></span> <span class='ocrx_word' id='word_1_963' title='bbox 1366 2567 1446 2593; x_wconf 88' lang='lat' dir='ltr'><strong>editis</strong></span> <span class='ocrx_word' id='word_1_964' title='bbox 1460 2574 1524 2594; x_wconf 83' lang='lat' dir='ltr'><strong>vero</strong></span> <span class='ocrx_word' id='word_1_965' title='bbox 1537 2572 1562 2595; x_wconf 90' lang='lat' dir='ltr'><strong>et</strong></span> <span class='ocrx_word' id='word_1_966' title='bbox 1580 2567 1651 2598; x_wconf 81' lang='lat' dir='ltr'><strong>aliis,</strong></span> <span class='ocrx_word' id='word_1_967' title='bbox 1664 2567 1696 2594; x_wconf 83' lang='grc' dir='ltr'><strong>τό</strong></span> <span class='ocrx_word' id='word_1_968' title='bbox 1710 2569 1795 2594; x_wconf 85' lang='lat' dir='ltr'><strong>deest.</strong></span> 
     </span>
    </p>
   </div>
   <div class='ocr_carea' id='block_1_118' title="bbox 1135 2601 1884 2637">
    <p class='ocr_par' dir='ltr' id='par_1_118' title="bbox 1135 2601 1884 2637">
     <span class='ocr_line' id='line_1_121' title="bbox 1135 2601 1884 2637; baseline 0.003 -9"><span class='ocrx_word' id='word_1_969' title='bbox 1135 2602 1190 2637; x_wconf 57' lang='grc' dir='ltr'><strong>(π)</strong></span> <span class='ocrx_word' id='word_1_970' title='bbox 1211 2601 1256 2628; x_wconf 86' lang='lat' dir='ltr'><strong>Sic</strong></span> <span class='ocrx_word' id='word_1_971' title='bbox 1270 2601 1450 2628; x_wconf 85' lang='lat' dir='ltr'><strong>Goblerianus</strong></span> <span class='ocrx_word' id='word_1_972' title='bbox 1463 2607 1489 2628; x_wconf 90' lang='lat' dir='ltr'><strong>et</strong></span> <span class='ocrx_word' id='word_1_973' title='bbox 1503 2601 1622 2628; x_wconf 82' lang='lat' dir='ltr'><strong>Felckm.</strong></span> <span class='ocrx_word' id='word_1_974' title='bbox 1641 2604 1665 2635; x_wconf 81' lang='lat' dir='ltr'><strong>I,</strong></span> <span class='ocrx_word' id='word_1_975' title='bbox 1689 2607 1771 2636; x_wconf 83' lang='lat' dir='ltr'><strong>atque</strong></span> <span class='ocrx_word' id='word_1_976' title='bbox 1788 2604 1824 2629; x_wconf 87' lang='lat' dir='ltr'><strong>ita</strong></span> <span class='ocrx_word' id='word_1_977' title='bbox 1842 2603 1884 2630; x_wconf 78' lang='lat' dir='ltr'><strong>lo-</strong></span> 
     </span>
    </p>
   </div>
   <div class='ocr_carea' id='block_1_119' title="bbox 1097 2636 1853 2672">
    <p class='ocr_par' dir='ltr' id='par_1_119' title="bbox 1097 2636 1853 2672">
     <span class='ocr_line' id='line_1_122' title="bbox 1097 2636 1853 2672; baseline 0.001 -8"><span class='ocrx_word' id='word_1_978' title='bbox 1097 2637 1136 2672; x_wconf 83' lang='lat' dir='ltr'><strong>git</strong></span> <span class='ocrx_word' id='word_1_979' title='bbox 1151 2636 1367 2672; x_wconf 35' lang='lat' dir='ltr'><strong>NanniussEditi</strong></span> <span class='ocrx_word' id='word_1_980' title='bbox 1385 2644 1410 2664; x_wconf 88' lang='lat' dir='ltr'><strong>et</strong></span> <span class='ocrx_word' id='word_1_981' title='bbox 1427 2637 1482 2669; x_wconf 82' lang='lat' dir='ltr'><strong>alii,</strong></span> <span class='ocrx_word' id='word_1_982' title='bbox 1504 2638 1551 2663; x_wconf 79' lang='grc' dir='ltr'><strong>καὶ</strong></span> <span class='ocrx_word' id='word_1_983' title='bbox 1566 2637 1599 2663; x_wconf 75' lang='grc' dir='ltr'><strong>τὰ</strong></span> <span class='ocrx_word' id='word_1_984' title='bbox 1615 2637 1686 2664; x_wconf 75' lang='grc' dir='ltr'>αὐτὰ</span> <span class='ocrx_word' id='word_1_985' title='bbox 1698 2638 1744 2664; x_wconf 86' lang='grc' dir='ltr'>τοῦ</span> <span class='ocrx_word' id='word_1_986' title='bbox 1761 2637 1853 2671; x_wconf 78' lang='grc' dir='ltr'>ἁγίου.</span> 
     </span>
    </p>
   </div>
   <div class='ocr_carea' id='block_1_120' title="bbox 1134 2671 1884 2706">
    <p class='ocr_par' dir='ltr' id='par_1_120' title="bbox 1134 2671 1884 2706">
     <span class='ocr_line' id='line_1_123' title="bbox 1134 2671 1884 2706; baseline -0.001 -8"><span class='ocrx_word' id='word_1_987' title='bbox 1134 2673 1189 2706; x_wconf 68' lang='grc'><strong>(24)</strong></span> <span class='ocrx_word' id='word_1_988' title='bbox 1210 2671 1255 2698; x_wconf 89' lang='lat' dir='ltr'><strong>Sic</strong></span> <span class='ocrx_word' id='word_1_989' title='bbox 1275 2671 1455 2699; x_wconf 85' lang='lat' dir='ltr'><strong>Goblerianus</strong></span> <span class='ocrx_word' id='word_1_990' title='bbox 1480 2678 1507 2699; x_wconf 89' lang='lat' dir='ltr'><strong>et</strong></span> <span class='ocrx_word' id='word_1_991' title='bbox 1530 2672 1648 2700; x_wconf 80' lang='lat' dir='ltr'><strong>Fclckm.</strong></span> <span class='ocrx_word' id='word_1_992' title='bbox 1669 2674 1694 2703; x_wconf 81' lang='grc'><strong>1.</strong></span> <span class='ocrx_word' id='word_1_993' title='bbox 1715 2678 1741 2699; x_wconf 88' lang='lat' dir='ltr'><strong>et</strong></span> <span class='ocrx_word' id='word_1_994' title='bbox 1759 2672 1794 2698; x_wconf 91' lang='lat' dir='ltr'><strong>ita</strong></span> <span class='ocrx_word' id='word_1_995' title='bbox 1816 2673 1884 2705; x_wconf 68' lang='lat' dir='ltr'><strong>It&#39;g‘t</strong></span> 
     </span>
    </p>
   </div>
   <div class='ocr_carea' id='block_1_121' title="bbox 1096 2706 1879 2743">
    <p class='ocr_par' dir='ltr' id='par_1_121' title="bbox 1096 2706 1879 2743">
     <span class='ocr_line' id='line_1_124' title="bbox 1096 2706 1879 2743; baseline 0 -10"><span class='ocrx_word' id='word_1_996' title='bbox 1096 2706 1228 2743; x_wconf 62' lang='lat' dir='ltr'><strong>Nannius.</strong></span> <span class='ocrx_word' id='word_1_997' title='bbox 1244 2707 1354 2743; x_wconf 75' lang='lat' dir='ltr'><strong>Segner.</strong></span> <span class='ocrx_word' id='word_1_998' title='bbox 1373 2714 1448 2743; x_wconf 79' lang='lat' dir='ltr'><strong>vero,</strong></span> <span class='ocrx_word' id='word_1_999' title='bbox 1460 2707 1497 2738; x_wconf 84' lang='grc' dir='ltr'><strong>ὡς</strong></span> <span class='ocrx_word' id='word_1_1000' title='bbox 1514 2708 1561 2734; x_wconf 72' lang='grc' dir='ltr'><strong>καὶ</strong></span> <span class='ocrx_word' id='word_1_1001' title='bbox 1582 2709 1597 2734; x_wconf 88' lang='lat'><strong>6</strong></span> <span class='ocrx_word' id='word_1_1002' title='bbox 1613 2709 1745 2743; x_wconf 74' lang='grc' dir='ltr'>μακάριος</span> <span class='ocrx_word' id='word_1_1003' title='bbox 1762 2707 1879 2743; x_wconf 70' lang='grc' dir='ltr'>Παῦλος.</span> 
     </span>
    </p>
   </div>
   <div class='ocr_carea' id='block_1_122' title="bbox 1098 2741 1878 2776">
    <p class='ocr_par' dir='ltr' id='par_1_122' title="bbox 1098 2741 1878 2776">
     <span class='ocr_line' id='line_1_125' title="bbox 1098 2741 1878 2776; baseline 0.001 -8"><span class='ocrx_word' id='word_1_1004' title='bbox 1098 2741 1166 2769; x_wconf 81' lang='lat' dir='ltr'><strong>Editi</strong></span> <span class='ocrx_word' id='word_1_1005' title='bbox 1181 2748 1208 2768; x_wconf 88' lang='lat' dir='ltr'><strong>et</strong></span> <span class='ocrx_word' id='word_1_1006' title='bbox 1224 2741 1333 2774; x_wconf 46' lang='lat' dir='ltr'><strong>aliiﬁb;</strong></span> <span class='ocrx_word' id='word_1_1007' title='bbox 1346 2743 1359 2768; x_wconf 92' lang='lat'><strong>6</strong></span> <span class='ocrx_word' id='word_1_1008' title='bbox 1373 2742 1453 2772; x_wconf 77' lang='grc' dir='ltr'><strong>αὐτὸς</strong></span> <span class='ocrx_word' id='word_1_1009' title='bbox 1469 2743 1482 2768; x_wconf 85' lang='grc' dir='ltr'>ὁ</span> <span class='ocrx_word' id='word_1_1010' title='bbox 1502 2741 1670 2774; x_wconf 75' lang='grc' dir='ltr'><strong>’Λπόπολος.</strong></span> <span class='ocrx_word' id='word_1_1011' title='bbox 1685 2741 1745 2770; x_wconf 64' lang='lat' dir='ltr'><strong>Slus</strong></span> <span class='ocrx_word' id='word_1_1012' title='bbox 1764 2741 1878 2776; x_wconf 78' lang='lat' dir='ltr'><strong>Seguer.</strong></span> 
     </span>
    </p>
   </div>
   <div class='ocr_carea' id='block_1_123' title="bbox 1096 2777 1876 2812">
    <p class='ocr_par' dir='ltr' id='par_1_123' title="bbox 1096 2777 1876 2812">
     <span class='ocr_line' id='line_1_126' title="bbox 1096 2777 1876 2812; baseline 0 -9"><span class='ocrx_word' id='word_1_1013' title='bbox 1096 2783 1122 2804; x_wconf 87' lang='lat' dir='ltr'><strong>et</strong></span> <span class='ocrx_word' id='word_1_1014' title='bbox 1138 2777 1256 2804; x_wconf 83' lang='lat' dir='ltr'><strong>Felckm.</strong></span> <span class='ocrx_word' id='word_1_1015' title='bbox 1270 2777 1298 2809; x_wconf 76' lang='grc'><strong>2,</strong></span> <span class='ocrx_word' id='word_1_1016' title='bbox 1312 2777 1343 2802; x_wconf 87' lang='grc' dir='ltr'><strong>τὸ</strong></span> <span class='ocrx_word' id='word_1_1017' title='bbox 1360 2777 1387 2803; x_wconf 77' lang='grc' dir='ltr'>δὲ</span> <span class='ocrx_word' id='word_1_1018' title='bbox 1402 2777 1467 2803; x_wconf 78' lang='grc' dir='ltr'><strong>αὐτὸ</strong></span> <span class='ocrx_word' id='word_1_1019' title='bbox 1484 2778 1607 2812; x_wconf 83' lang='grc' dir='ltr'>Πνεῦμα.</span> <span class='ocrx_word' id='word_1_1020' title='bbox 1625 2777 1697 2805; x_wconf 70' lang='lat' dir='ltr'><strong>Infra</strong></span> <span class='ocrx_word' id='word_1_1021' title='bbox 1721 2777 1783 2810; x_wconf 72' lang='lat' dir='ltr'><strong>Seg.</strong></span> <span class='ocrx_word' id='word_1_1022' title='bbox 1799 2778 1876 2804; x_wconf 74' lang='grc' dir='ltr'><strong>(ὶυΙιΙ.</strong></span> 
     </span>
    </p>
   </div>
   <div class='ocr_carea' id='block_1_124' title="bbox 1096 2811 1874 2847">
    <p class='ocr_par' dir='ltr' id='par_1_124' title="bbox 1096 2811 1874 2847">
     <span class='ocr_line' id='line_1_127' title="bbox 1096 2811 1874 2847; baseline 0 -9"><span class='ocrx_word' id='word_1_1023' title='bbox 1096 2816 1123 2838; x_wconf 89' lang='lat' dir='ltr'><strong>et</strong></span> <span class='ocrx_word' id='word_1_1024' title='bbox 1139 2811 1256 2839; x_wconf 82' lang='lat' dir='ltr'><strong>Fetckm.</strong></span> <span class='ocrx_word' id='word_1_1025' title='bbox 1275 2813 1300 2843; x_wconf 79' lang='grc'><strong>1,</strong></span> <span class='ocrx_word' id='word_1_1026' title='bbox 1324 2816 1353 2838; x_wconf 85' lang='lat' dir='ltr'><strong>ut</strong></span> <span class='ocrx_word' id='word_1_1027' title='bbox 1377 2813 1440 2846; x_wconf 72' lang='lat' dir='ltr'><strong>legit</strong></span> <span class='ocrx_word' id='word_1_1028' title='bbox 1460 2811 1603 2847; x_wconf 74' lang='lat' dir='ltr'><strong>interpres,</strong></span> <span class='ocrx_word' id='word_1_1029' title='bbox 1616 2813 1631 2839; x_wconf 91' lang='lat'><strong>6</strong></span> <span class='ocrx_word' id='word_1_1030' title='bbox 1652 2813 1680 2839; x_wconf 82' lang='grc' dir='ltr'>δὲ</span> <span class='ocrx_word' id='word_1_1031' title='bbox 1703 2813 1783 2844; x_wconf 79' lang='grc' dir='ltr'>αὐτὸς</span> <span class='ocrx_word' id='word_1_1032' title='bbox 1800 2812 1874 2843; x_wconf 80' lang='grc' dir='ltr'><strong>Θεός.</strong></span> 
     </span>
    </p>
   </div>
   <div class='ocr_carea' id='block_1_125' title="bbox 1097 2846 1446 2881">
    <p class='ocr_par' dir='ltr' id='par_1_125' title="bbox 1097 2846 1446 2881">
     <span class='ocr_line' id='line_1_128' title="bbox 1097 2846 1446 2881; baseline -0.003 -7"><span class='ocrx_word' id='word_1_1033' title='bbox 1097 2846 1178 2881; x_wconf 77' lang='lat' dir='ltr'><strong>Editi,</strong></span> <span class='ocrx_word' id='word_1_1034' title='bbox 1195 2847 1241 2874; x_wconf 76' lang='grc' dir='ltr'><strong>καὶ</strong></span> <span class='ocrx_word' id='word_1_1035' title='bbox 1258 2847 1272 2873; x_wconf 89' lang='grc' dir='ltr'>ὁ</span> <span class='ocrx_word' id='word_1_1036' title='bbox 1287 2847 1366 2878; x_wconf 75' lang='grc' dir='ltr'><strong>αὐτὸς</strong></span> <span class='ocrx_word' id='word_1_1037' title='bbox 1381 2847 1446 2878; x_wconf 67' lang='grc' dir='ltr'>Θεὸς</span> 
     </span>
    </p>
   </div>
  </div>
