  <div class='ocr_page' id='page_1' title='image "/cluster/home/n/w/nwhite01/storage/ocr_20150623/26/njp.32101077772521/514.png"; bbox 0 0 1954 3041; ppageno 0'>
   <div class='ocr_carea' id='block_1_1' title="bbox 125 153 192 181">
    <p class='ocr_par' dir='ltr' id='par_1_1' title="bbox 125 153 192 181">
     <span class='ocr_line' id='line_1_1' title="bbox 125 153 192 181; baseline 0.015 -2"><span class='ocrx_word' id='word_1_1' title='bbox 125 153 192 181; x_wconf 77' lang='grc'><strong>1017</strong></span> 
     </span>
    </p>
   </div>
   <div class='ocr_carea' id='block_1_2' title="bbox 581 138 1291 177">
    <p class='ocr_par' dir='ltr' id='par_1_2' title="bbox 581 138 1291 177">
     <span class='ocr_line' id='line_1_2' title="bbox 581 138 1291 177; baseline -0.007 0"><span class='ocrx_word' id='word_1_2' title='bbox 581 149 625 177; x_wconf 83' lang='lat' dir='ltr'><strong>DE</strong></span> <span class='ocrx_word' id='word_1_3' title='bbox 645 147 897 176; x_wconf 74' lang='lat' dir='ltr'><strong>INCARNATIONE</strong></span> <span class='ocrx_word' id='word_1_4' title='bbox 913 147 956 174; x_wconf 86' lang='lat' dir='ltr'><strong>ET</strong></span> <span class='ocrx_word' id='word_1_5' title='bbox 975 145 1116 175; x_wconf 80' lang='lat' dir='ltr'><strong>CONTRA</strong></span> <span class='ocrx_word' id='word_1_6' title='bbox 1132 138 1291 175; x_wconf 53' lang='lat' dir='ltr'><strong>ARIANOS;</strong></span> 
     </span>
    </p>
   </div>
   <div class='ocr_carea' id='block_1_3' title="bbox 1672 141 1740 170">
    <p class='ocr_par' dir='ltr' id='par_1_3' title="bbox 1672 141 1740 170">
     <span class='ocr_line' id='line_1_3' title="bbox 1672 141 1740 170; baseline -0.029 0"><span class='ocrx_word' id='word_1_7' title='bbox 1672 141 1740 170; x_wconf 70' lang='grc'><strong>1018</strong></span> 
     </span>
    </p>
   </div>
   <div class='ocr_carea' id='block_1_4' title="bbox 123 199 893 244">
    <p class='ocr_par' dir='ltr' id='par_1_4' title="bbox 123 204 893 244">
     <span class='ocr_line' id='line_1_4' title="bbox 123 204 893 244; baseline -0.008 -7"><span class='ocrx_word' id='word_1_8' title='bbox 123 210 157 237; x_wconf 67' lang='grc' dir='ltr'>τὰ</span> <span class='ocrx_word' id='word_1_9' title='bbox 170 210 259 237; x_wconf 77' lang='grc' dir='ltr'>πάντα</span> <span class='ocrx_word' id='word_1_10' title='bbox 284 208 413 244; x_wconf 70' lang='grc' dir='ltr'>πληροῦν·</span> <span class='ocrx_word' id='word_1_11' title='bbox 445 207 499 234; x_wconf 74' lang='grc' dir='ltr'><strong>Καὶ</strong></span> <span class='ocrx_word' id='word_1_12' title='bbox 517 206 577 234; x_wconf 81' lang='grc' dir='ltr'><strong>ἀπὸ</strong></span> <span class='ocrx_word' id='word_1_13' title='bbox 598 206 651 233; x_wconf 86' lang='grc' dir='ltr'><strong>τοῦ</strong></span> <span class='ocrx_word' id='word_1_14' title='bbox 668 204 827 240; x_wconf 76' lang='grc' dir='ltr'><strong>προσώπου</strong></span> <span class='ocrx_word' id='word_1_15' title='bbox 849 211 893 231; x_wconf 76' lang='grc' dir='ltr'><em>σω</em></span> 
     </span>
    </p>
   </div>
   <div class='ocr_carea' id='block_1_5' title="bbox 947 199 1739 244">
    <p class='ocr_par' dir='ltr' id='par_1_5' title="bbox 958 199 1739 237">
     <span class='ocr_line' id='line_1_5' title="bbox 958 199 1739 237; baseline -0.004 -7"><span class='ocrx_word' id='word_1_16' title='bbox 958 203 1010 231; x_wconf 87' lang='lat' dir='ltr'><strong>nisi</strong></span> <span class='ocrx_word' id='word_1_17' title='bbox 1034 203 1119 231; x_wconf 84' lang='lat' dir='ltr'><strong>Filius</strong></span> <span class='ocrx_word' id='word_1_18' title='bbox 1142 201 1189 237; x_wconf 88' lang='lat' dir='ltr'><strong>qui</strong></span> <span class='ocrx_word' id='word_1_19' title='bbox 1205 209 1238 229; x_wconf 86' lang='lat' dir='ltr'><strong>ex</strong></span> <span class='ocrx_word' id='word_1_20' title='bbox 1265 201 1381 230; x_wconf 78' lang='lat' dir='ltr'><strong>mortuis</strong></span> <span class='ocrx_word' id='word_1_21' title='bbox 1401 201 1566 229; x_wconf 74' lang='lat' dir='ltr'><strong>resurrexit?</strong></span> <span class='ocrx_word' id='word_1_22' title='bbox 1584 199 1617 228; x_wconf 84' lang='lat' dir='ltr'><strong>Et</strong></span> <span class='ocrx_word' id='word_1_23' title='bbox 1633 207 1695 228; x_wconf 89' lang='lat' dir='ltr'><strong>cum</strong></span> <span class='ocrx_word' id='word_1_24' title='bbox 1712 202 1739 228; x_wconf 92' lang='lat' dir='ltr'><strong>in</strong></span> 
     </span>
    </p>
   </div>
   <div class='ocr_carea' id='block_1_6' title="bbox 123 251 937 291">
    <p class='ocr_par' dir='ltr' id='par_1_6' title="bbox 123 251 937 291">
     <span class='ocr_line' id='line_1_6' title="bbox 123 251 937 291; baseline -0.007 -7"><span class='ocrx_word' id='word_1_25' title='bbox 123 256 183 284; x_wconf 73' lang='grc' dir='ltr'><strong>ποῦ</strong></span> <span class='ocrx_word' id='word_1_26' title='bbox 200 257 282 291; x_wconf 75' lang='grc' dir='ltr'><strong>φύγω</strong></span> <span class='ocrx_word' id='word_1_27' title='bbox 291 264 301 288; x_wconf 84' lang='grc'><strong><em>;</em></strong></span> <span class='ocrx_word' id='word_1_28' title='bbox 321 255 386 282; x_wconf 82' lang='grc' dir='ltr'><strong>Ἐὰν</strong></span> <span class='ocrx_word' id='word_1_29' title='bbox 398 254 496 282; x_wconf 77' lang='grc' dir='ltr'><em>ἀναεὼ</em></span> <span class='ocrx_word' id='word_1_30' title='bbox 513 255 555 287; x_wconf 84' lang='grc' dir='ltr'><strong>εὶς</strong></span> <span class='ocrx_word' id='word_1_31' title='bbox 569 253 775 287; x_wconf 63' lang='grc' dir='ltr'><strong>τὸντοὺρανὸν,</strong></span> <span class='ocrx_word' id='word_1_32' title='bbox 792 252 832 279; x_wconf 84' lang='grc' dir='ltr'><em>σὺ</em></span> <span class='ocrx_word' id='word_1_33' title='bbox 847 251 908 279; x_wconf 84' lang='grc' dir='ltr'><strong>ἐκεῖ</strong></span> <span class='ocrx_word' id='word_1_34' title='bbox 930 270 937 279; x_wconf 98' lang='grc'><em>.</em></span> 
     </span>
    </p>
   </div>
   <div class='ocr_carea' id='block_1_7' title="bbox 122 297 907 332">
    <p class='ocr_par' dir='ltr' id='par_1_7' title="bbox 122 297 907 332">
     <span class='ocr_line' id='line_1_7' title="bbox 122 297 907 332; baseline -0.008 -3"><span class='ocrx_word' id='word_1_35' title='bbox 122 300 159 329; x_wconf 76' lang='grc' dir='ltr'><strong>εἴ·</strong></span> <span class='ocrx_word' id='word_1_36' title='bbox 173 301 228 328; x_wconf 79' lang='grc' dir='ltr'><strong>ἐὰν</strong></span> <span class='ocrx_word' id='word_1_37' title='bbox 244 299 358 328; x_wconf 79' lang='grc' dir='ltr'>καταϐῶ</span> <span class='ocrx_word' id='word_1_38' title='bbox 370 301 413 332; x_wconf 80' lang='grc' dir='ltr'><strong>εὶς</strong></span> <span class='ocrx_word' id='word_1_39' title='bbox 426 299 479 326; x_wconf 88' lang='grc' dir='ltr'><strong>τὸν</strong></span> <span class='ocrx_word' id='word_1_40' title='bbox 492 298 579 332; x_wconf 82' lang='grc' dir='ltr'><strong>ᾅδην,</strong></span> <span class='ocrx_word' id='word_1_41' title='bbox 591 299 685 332; x_wconf 79' lang='grc' dir='ltr'><strong>πάρει.</strong></span> <span class='ocrx_word' id='word_1_42' title='bbox 710 297 758 329; x_wconf 82' lang='grc' dir='ltr'><strong>Τίς</strong></span> <span class='ocrx_word' id='word_1_43' title='bbox 779 297 807 325; x_wconf 79' lang='grc' dir='ltr'><strong>δὲ</strong></span> <span class='ocrx_word' id='word_1_44' title='bbox 819 305 907 332; x_wconf 79' lang='grc' dir='ltr'>παρα-</span> 
     </span>
    </p>
   </div>
   <div class='ocr_carea' id='block_1_8' title="bbox 121 342 904 381">
    <p class='ocr_par' dir='ltr' id='par_1_8' title="bbox 121 342 904 381">
     <span class='ocr_line' id='line_1_8' title="bbox 121 342 904 381; baseline -0.009 -6"><span class='ocrx_word' id='word_1_45' title='bbox 121 347 234 381; x_wconf 83' lang='grc' dir='ltr'><strong>γέγονεν</strong></span> <span class='ocrx_word' id='word_1_46' title='bbox 246 347 285 379; x_wconf 82' lang='grc' dir='ltr'><strong>εις</strong></span> <span class='ocrx_word' id='word_1_47' title='bbox 298 345 343 372; x_wconf 80' lang='grc' dir='ltr'>τὸν</span> <span class='ocrx_word' id='word_1_48' title='bbox 353 345 420 381; x_wconf 74' lang='grc' dir='ltr'>ᾅδην</span> <span class='ocrx_word' id='word_1_49' title='bbox 436 345 460 371; x_wconf 73' lang='grc' dir='ltr'>εἰ</span> <span class='ocrx_word' id='word_1_50' title='bbox 479 344 516 380; x_wconf 88' lang='grc' dir='ltr'><strong>μὴ</strong></span> <span class='ocrx_word' id='word_1_51' title='bbox 533 345 547 370; x_wconf 99' lang='lat'><strong>6</strong></span> <span class='ocrx_word' id='word_1_52' title='bbox 561 343 625 375; x_wconf 80' lang='grc' dir='ltr'><strong>Υἱὸς</strong></span> <span class='ocrx_word' id='word_1_53' title='bbox 641 344 656 370; x_wconf 91' lang='lat'><strong>6</strong></span> <span class='ocrx_word' id='word_1_54' title='bbox 679 343 712 369; x_wconf 80' lang='grc' dir='ltr'>ὲκ</span> <span class='ocrx_word' id='word_1_55' title='bbox 727 342 831 378; x_wconf 82' lang='grc' dir='ltr'>νεκρῶν</span> <span class='ocrx_word' id='word_1_56' title='bbox 848 342 904 377; x_wconf 73' lang='lat'><em>(62)</em></span> 
     </span>
    </p>
   </div>
   <div class='ocr_carea' id='block_1_9' title="bbox 120 388 906 426">
    <p class='ocr_par' dir='ltr' id='par_1_9' title="bbox 120 388 906 426">
     <span class='ocr_line' id='line_1_9' title="bbox 120 388 906 426; baseline -0.008 -7"><span class='ocrx_word' id='word_1_57' title='bbox 120 392 254 425; x_wconf 57' lang='grc' dir='ltr'><strong>ἀναστάς</strong></span> <span class='ocrx_word' id='word_1_58' title='bbox 279 392 326 419; x_wconf 72' lang='grc' dir='ltr'>καὶ</span> <span class='ocrx_word' id='word_1_59' title='bbox 348 391 392 417; x_wconf 79' lang='grc' dir='ltr'><strong>ὅτε</strong></span> <span class='ocrx_word' id='word_1_60' title='bbox 416 391 463 426; x_wconf 81' lang='grc' dir='ltr'><strong>μὲν</strong></span> <span class='ocrx_word' id='word_1_61' title='bbox 492 389 566 424; x_wconf 78' lang='grc' dir='ltr'>λέγει</span> <span class='ocrx_word' id='word_1_62' title='bbox 594 390 609 415; x_wconf 92' lang='lat'><strong>6</strong></span> <span class='ocrx_word' id='word_1_63' title='bbox 635 388 771 422; x_wconf 76' lang='grc' dir='ltr'>Στέφανος</span> <span class='ocrx_word' id='word_1_64' title='bbox 795 388 824 414; x_wconf 81' lang='grc' dir='ltr'><strong>ὲν</strong></span> <span class='ocrx_word' id='word_1_65' title='bbox 845 388 906 419; x_wconf 83' lang='grc' dir='ltr'>ταῖς</span> 
     </span>
    </p>
   </div>
   <div class='ocr_carea' id='block_1_10' title="bbox 119 432 904 474">
    <p class='ocr_par' dir='ltr' id='par_1_10' title="bbox 119 432 904 474">
     <span class='ocr_line' id='line_1_10' title="bbox 119 432 904 474; baseline -0.006 -10"><span class='ocrx_word' id='word_1_66' title='bbox 119 437 264 474; x_wconf 78' lang='grc' dir='ltr'><strong>Πράξεσιν·</strong></span> <span class='ocrx_word' id='word_1_67' title='bbox 285 436 312 463; x_wconf 87' lang='grc' dir='ltr'><em>Ὁ</em></span> <span class='ocrx_word' id='word_1_68' title='bbox 346 436 418 470; x_wconf 79' lang='grc' dir='ltr'>Θεὸς</span> <span class='ocrx_word' id='word_1_69' title='bbox 450 435 506 469; x_wconf 84' lang='grc' dir='ltr'><strong>τῆς</strong></span> <span class='ocrx_word' id='word_1_70' title='bbox 535 434 627 468; x_wconf 78' lang='grc' dir='ltr'><em>δόξης</em></span> <span class='ocrx_word' id='word_1_71' title='bbox 648 434 732 468; x_wconf 59' lang='grc' dir='ltr'><strong>ὤφθη</strong></span> <span class='ocrx_word' id='word_1_72' title='bbox 755 432 795 466; x_wconf 87' lang='grc' dir='ltr'><strong>τῷ</strong></span> <span class='ocrx_word' id='word_1_73' title='bbox 816 433 904 466; x_wconf 72' lang='grc' dir='ltr'><strong>πατρὶ</strong></span> 
     </span>
    </p>
   </div>
   <div class='ocr_carea' id='block_1_11' title="bbox 120 479 905 518">
    <p class='ocr_par' dir='ltr' id='par_1_11' title="bbox 120 479 905 518">
     <span class='ocr_line' id='line_1_11' title="bbox 120 479 905 518; baseline -0.008 -8"><span class='ocrx_word' id='word_1_74' title='bbox 120 482 204 518; x_wconf 80' lang='grc' dir='ltr'><strong>ἡμῶν</strong></span> <span class='ocrx_word' id='word_1_75' title='bbox 221 481 352 517; x_wconf 74' lang='grc' dir='ltr'><strong>Ἀϐραάμ·</strong></span> <span class='ocrx_word' id='word_1_76' title='bbox 365 481 400 508; x_wconf 73' lang='grc' dir='ltr'>τὰ</span> <span class='ocrx_word' id='word_1_77' title='bbox 416 480 486 508; x_wconf 74' lang='grc' dir='ltr'>αὐτὰ</span> <span class='ocrx_word' id='word_1_78' title='bbox 515 480 562 507; x_wconf 74' lang='grc' dir='ltr'>καὶ</span> <span class='ocrx_word' id='word_1_79' title='bbox 583 480 647 515; x_wconf 66' lang='grc' dir='ltr'>περὶ</span> <span class='ocrx_word' id='word_1_80' title='bbox 672 479 738 506; x_wconf 82' lang='grc' dir='ltr'><strong>Υἱοῠ</strong></span> <span class='ocrx_word' id='word_1_81' title='bbox 762 480 776 505; x_wconf 93' lang='lat'><strong>6</strong></span> <span class='ocrx_word' id='word_1_82' title='bbox 800 479 905 511; x_wconf 83' lang='grc' dir='ltr'><strong>Παῦλος</strong></span> 
     </span>
    </p>
   </div>
   <div class='ocr_carea' id='block_1_12' title="bbox 118 524 904 564">
    <p class='ocr_par' dir='ltr' id='par_1_12' title="bbox 118 524 904 564">
     <span class='ocr_line' id='line_1_12' title="bbox 118 524 904 564; baseline -0.008 -8"><span class='ocrx_word' id='word_1_83' title='bbox 118 528 202 564; x_wconf 84' lang='grc' dir='ltr'>λέγει·</span> <span class='ocrx_word' id='word_1_84' title='bbox 215 527 315 562; x_wconf 81' lang='grc' dir='ltr'><strong>Ειτὰρ</strong></span> <span class='ocrx_word' id='word_1_85' title='bbox 337 527 484 561; x_wconf 71' lang='grc' dir='ltr'><strong>ἔγνωσαν,</strong></span> <span class='ocrx_word' id='word_1_86' title='bbox 511 527 568 552; x_wconf 75' lang='grc' dir='ltr'>οὐκ</span> <span class='ocrx_word' id='word_1_87' title='bbox 590 524 628 552; x_wconf 82' lang='grc' dir='ltr'><strong>ἂν</strong></span> <span class='ocrx_word' id='word_1_88' title='bbox 646 525 699 552; x_wconf 83' lang='grc' dir='ltr'><strong>τὸν</strong></span> <span class='ocrx_word' id='word_1_89' title='bbox 721 525 830 558; x_wconf 79' lang='grc' dir='ltr'><strong>Κύριον</strong></span> <span class='ocrx_word' id='word_1_90' title='bbox 848 524 904 559; x_wconf 80' lang='grc' dir='ltr'><strong>τῆς</strong></span> 
     </span>
    </p>
   </div>
   <div class='ocr_carea' id='block_1_13' title="bbox 118 569 903 608">
    <p class='ocr_par' dir='ltr' id='par_1_13' title="bbox 118 569 903 608">
     <span class='ocr_line' id='line_1_13' title="bbox 118 569 903 608; baseline -0.008 -7"><span class='ocrx_word' id='word_1_91' title='bbox 118 574 210 608; x_wconf 79' lang='grc' dir='ltr'><strong>δόξης</strong></span> <span class='ocrx_word' id='word_1_92' title='bbox 223 569 426 607; x_wconf 78' lang='grc' dir='ltr'><strong>ἐστᾶὐρωσαν’</strong></span> <span class='ocrx_word' id='word_1_93' title='bbox 442 571 540 607; x_wconf 77' lang='grc' dir='ltr'><strong>ὁμοίως</strong></span> <span class='ocrx_word' id='word_1_94' title='bbox 556 571 585 597; x_wconf 77' lang='grc' dir='ltr'><strong>δὲ</strong></span> <span class='ocrx_word' id='word_1_95' title='bbox 612 569 659 597; x_wconf 77' lang='grc' dir='ltr'>καὶ</span> <span class='ocrx_word' id='word_1_96' title='bbox 679 570 694 596; x_wconf 83' lang='grc' dir='ltr'>ὀ</span> <span class='ocrx_word' id='word_1_97' title='bbox 711 569 793 596; x_wconf 73' lang='grc' dir='ltr'>Δαϐὶδ</span> <span class='ocrx_word' id='word_1_98' title='bbox 808 569 881 603; x_wconf 79' lang='grc' dir='ltr'>λέγει</span> <span class='ocrx_word' id='word_1_99' title='bbox 895 578 903 586; x_wconf 87' lang='grc'>·</span> 
     </span>
    </p>
   </div>
   <div class='ocr_carea' id='block_1_14' title="bbox 117 615 904 654">
    <p class='ocr_par' dir='ltr' id='par_1_14' title="bbox 117 615 904 654">
     <span class='ocr_line' id='line_1_14' title="bbox 117 615 904 654; baseline -0.008 -7"><span class='ocrx_word' id='word_1_100' title='bbox 117 621 223 653; x_wconf 81' lang='grc' dir='ltr'>Κύριος</span> <span class='ocrx_word' id='word_1_101' title='bbox 239 618 297 646; x_wconf 84' lang='grc' dir='ltr'><strong>τῶν</strong></span> <span class='ocrx_word' id='word_1_102' title='bbox 324 617 478 654; x_wconf 77' lang='grc' dir='ltr'><strong>δυνάμεων</strong></span> <span class='ocrx_word' id='word_1_103' title='bbox 502 617 592 650; x_wconf 75' lang='grc' dir='ltr'><em>αὐτός</em></span> <span class='ocrx_word' id='word_1_104' title='bbox 606 616 690 643; x_wconf 83' lang='grc' dir='ltr'><em>ἐστιν</em></span> <span class='ocrx_word' id='word_1_105' title='bbox 713 617 730 647; x_wconf 79' lang='grc' dir='ltr'><em>ό</em></span> <span class='ocrx_word' id='word_1_106' title='bbox 754 615 904 649; x_wconf 77' lang='grc' dir='ltr'><strong>,βασιλεὺς</strong></span> 
     </span>
    </p>
   </div>
   <div class='ocr_carea' id='block_1_15' title="bbox 117 660 902 700">
    <p class='ocr_par' dir='ltr' id='par_1_15' title="bbox 117 660 902 700">
     <span class='ocr_line' id='line_1_15' title="bbox 117 660 902 700; baseline -0.006 -7"><span class='ocrx_word' id='word_1_107' title='bbox 117 666 172 700; x_wconf 81' lang='grc' dir='ltr'><strong>τῆς</strong></span> <span class='ocrx_word' id='word_1_108' title='bbox 201 664 304 698; x_wconf 77' lang='grc' dir='ltr'><strong>δόξης.</strong></span> <span class='ocrx_word' id='word_1_109' title='bbox 331 664 389 691; x_wconf 83' lang='grc' dir='ltr'><strong>Μία</strong></span> <span class='ocrx_word' id='word_1_110' title='bbox 414 663 469 700; x_wconf 87' lang='grc' dir='ltr'><strong>γὰρ</strong></span> <span class='ocrx_word' id='word_1_111' title='bbox 492 662 555 695; x_wconf 80' lang='grc' dir='ltr'><strong>δόξα</strong></span> <span class='ocrx_word' id='word_1_112' title='bbox 580 661 686 697; x_wconf 78' lang='grc' dir='ltr'>Πατρὸς</span> <span class='ocrx_word' id='word_1_113' title='bbox 712 662 758 689; x_wconf 76' lang='grc' dir='ltr'>καὶ</span> <span class='ocrx_word' id='word_1_114' title='bbox 778 660 844 688; x_wconf 85' lang='grc' dir='ltr'><strong>Υἱοῦ</strong></span> <span class='ocrx_word' id='word_1_115' title='bbox 856 662 902 688; x_wconf 80' lang='grc' dir='ltr'>καὶ</span> 
     </span>
    </p>
   </div>
   <div class='ocr_carea' id='block_1_16' title="bbox 117 707 900 746">
    <p class='ocr_par' dir='ltr' id='par_1_16' title="bbox 117 707 900 746">
     <span class='ocr_line' id='line_1_16' title="bbox 117 707 900 746; baseline -0.008 -8"><span class='ocrx_word' id='word_1_116' title='bbox 117 711 195 746; x_wconf 78' lang='grc' dir='ltr'>ἁγίου</span> <span class='ocrx_word' id='word_1_117' title='bbox 208 710 375 746; x_wconf 82' lang='grc' dir='ltr'><strong>Πνεύματος·</strong></span> <span class='ocrx_word' id='word_1_118' title='bbox 386 709 446 743; x_wconf 75' lang='grc' dir='ltr'><strong>Τῆν</strong></span> <span class='ocrx_word' id='word_1_119' title='bbox 456 709 549 742; x_wconf 77' lang='grc' dir='ltr'><em>δόξαν</em></span> <span class='ocrx_word' id='word_1_120' title='bbox 564 717 634 743; x_wconf 83' lang='grc' dir='ltr'><strong>μου,</strong></span> <span class='ocrx_word' id='word_1_121' title='bbox 664 707 745 742; x_wconf 73' lang='grc' dir='ltr'>φησὶν</span> <span class='ocrx_word' id='word_1_122' title='bbox 761 708 778 742; x_wconf 82' lang='grc' dir='ltr'>ἡ</span> <span class='ocrx_word' id='word_1_123' title='bbox 794 707 900 742; x_wconf 81' lang='grc' dir='ltr'>Γραφὴ,</span> 
     </span>
    </p>
   </div>
   <div class='ocr_carea' id='block_1_17' title="bbox 116 753 900 791">
    <p class='ocr_par' dir='ltr' id='par_1_17' title="bbox 116 753 900 791">
     <span class='ocr_line' id='line_1_17' title="bbox 116 753 900 791; baseline -0.006 -8"><span class='ocrx_word' id='word_1_124' title='bbox 116 756 205 791; x_wconf 76' lang='grc' dir='ltr'><strong>ἑτέρῳ</strong></span> <span class='ocrx_word' id='word_1_125' title='bbox 217 757 253 783; x_wconf 83' lang='grc' dir='ltr'>οὐ</span> <span class='ocrx_word' id='word_1_126' title='bbox 267 755 361 782; x_wconf 81' lang='grc' dir='ltr'><em>δώσω·</em></span> <span class='ocrx_word' id='word_1_127' title='bbox 380 755 410 781; x_wconf 81' lang='grc' dir='ltr'>οὐ</span> <span class='ocrx_word' id='word_1_128' title='bbox 427 754 480 790; x_wconf 82' lang='grc' dir='ltr'>γάρ</span> <span class='ocrx_word' id='word_1_129' title='bbox 496 755 554 781; x_wconf 80' lang='grc' dir='ltr'><em>ἐστι</em></span> <span class='ocrx_word' id='word_1_130' title='bbox 575 753 699 789; x_wconf 83' lang='grc' dir='ltr'><strong>δεύτερος</strong></span> <span class='ocrx_word' id='word_1_131' title='bbox 720 753 785 784; x_wconf 82' lang='grc' dir='ltr'><strong>Θεὸς</strong></span> <span class='ocrx_word' id='word_1_132' title='bbox 799 754 813 779; x_wconf 91' lang='lat'><strong>6</strong></span> <span class='ocrx_word' id='word_1_133' title='bbox 827 753 900 785; x_wconf 88' lang='grc' dir='ltr'><strong>Υἱὸς,</strong></span> 
     </span>
    </p>
   </div>
   <div class='ocr_carea' id='block_1_18' title="bbox 115 799 900 836">
    <p class='ocr_par' dir='ltr' id='par_1_18' title="bbox 115 799 900 836">
     <span class='ocr_line' id='line_1_18' title="bbox 115 799 900 836; baseline -0.004 -8"><span class='ocrx_word' id='word_1_134' title='bbox 115 801 183 831; x_wconf 80' lang='grc' dir='ltr'>ἀλλὰ</span> <span class='ocrx_word' id='word_1_135' title='bbox 197 801 282 836; x_wconf 86' lang='grc' dir='ltr'>Λόγος</span> <span class='ocrx_word' id='word_1_136' title='bbox 296 801 343 828; x_wconf 81' lang='grc' dir='ltr'><strong>τοῦ</strong></span> <span class='ocrx_word' id='word_1_137' title='bbox 360 801 418 832; x_wconf 80' lang='grc' dir='ltr'><strong>ἑνὸς</strong></span> <span class='ocrx_word' id='word_1_138' title='bbox 437 801 484 827; x_wconf 82' lang='grc' dir='ltr'>καὶ</span> <span class='ocrx_word' id='word_1_139' title='bbox 498 800 577 835; x_wconf 79' lang='grc' dir='ltr'>μόνου</span> <span class='ocrx_word' id='word_1_140' title='bbox 591 799 673 831; x_wconf 76' lang='grc' dir='ltr'><strong>Θεοῦ,</strong></span> <span class='ocrx_word' id='word_1_141' title='bbox 694 799 900 835; x_wconf 83' lang='grc' dir='ltr'>θεολογούμενος</span> 
     </span>
    </p>
   </div>
   <div class='ocr_carea' id='block_1_19' title="bbox 115 845 899 883">
    <p class='ocr_par' dir='ltr' id='par_1_19' title="bbox 115 845 899 883">
     <span class='ocr_line' id='line_1_19' title="bbox 115 845 899 883; baseline -0.003 -9"><span class='ocrx_word' id='word_1_142' title='bbox 115 849 144 874; x_wconf 78' lang='grc' dir='ltr'><strong>ὲν</strong></span> <span class='ocrx_word' id='word_1_143' title='bbox 154 848 252 883; x_wconf 66' lang='lat' dir='ltr'><strong>Ila-rp),</strong></span> <span class='ocrx_word' id='word_1_144' title='bbox 267 847 305 879; x_wconf 82' lang='grc' dir='ltr'>ὡς</span> <span class='ocrx_word' id='word_1_145' title='bbox 318 847 364 874; x_wconf 75' lang='grc' dir='ltr'>καὶ</span> <span class='ocrx_word' id='word_1_146' title='bbox 374 848 388 874; x_wconf 85' lang='grc' dir='ltr'>ὁ</span> <span class='ocrx_word' id='word_1_147' title='bbox 402 846 494 883; x_wconf 79' lang='grc' dir='ltr'>Πατὴρ</span> <span class='ocrx_word' id='word_1_148' title='bbox 507 847 535 872; x_wconf 83' lang='grc' dir='ltr'><strong>ὲν</strong></span> <span class='ocrx_word' id='word_1_149' title='bbox 559 845 615 881; x_wconf 84' lang='grc' dir='ltr'>Υἱῷ</span> <span class='ocrx_word' id='word_1_150' title='bbox 640 845 812 880; x_wconf 80' lang='grc' dir='ltr'>θεολογεῖται·</span> <span class='ocrx_word' id='word_1_151' title='bbox 831 845 899 873; x_wconf 84' lang='grc' dir='ltr'>καθ-</span> 
     </span>
    </p>
   </div>
   <div class='ocr_carea' id='block_1_20' title="bbox 115 877 935 928">
    <p class='ocr_par' dir='ltr' id='par_1_20' title="bbox 115 877 935 928">
     <span class='ocr_line' id='line_1_20' title="bbox 115 877 935 928; baseline 0 -10"><span class='ocrx_word' id='word_1_152' title='bbox 115 891 153 924; x_wconf 84' lang='grc' dir='ltr'><strong>ὼς</strong></span> <span class='ocrx_word' id='word_1_153' title='bbox 170 877 220 919; x_wconf 54' lang='grc' dir='ltr'><strong>καί</strong></span> <span class='ocrx_word' id='word_1_154' title='bbox 245 877 302 928; x_wconf 76' lang='lat'><em>(65)</em></span> <span class='ocrx_word' id='word_1_155' title='bbox 324 892 436 923; x_wconf 71' lang='grc' dir='ltr'><strong>Ἡσαΐας</strong></span> <span class='ocrx_word' id='word_1_156' title='bbox 454 877 526 926; x_wconf 60' lang='grc' dir='ltr'>λέγει</span> <span class='ocrx_word' id='word_1_157' title='bbox 544 877 676 925; x_wconf 69' lang='grc' dir='ltr'>θεολογῶν</span> <span class='ocrx_word' id='word_1_158' title='bbox 704 877 767 918; x_wconf 67' lang='grc' dir='ltr'><strong>Ῠίὸν</strong></span> <span class='ocrx_word' id='word_1_159' title='bbox 783 891 830 918; x_wconf 80' lang='grc' dir='ltr'><strong>σὺν</strong></span> <span class='ocrx_word' id='word_1_160' title='bbox 844 891 899 918; x_wconf 86' lang='grc' dir='ltr'><strong>Πα-</strong></span> <span class='ocrx_word' id='word_1_161' title='bbox 915 877 935 905; x_wconf 72' lang='grc' dir='ltr'><strong><em>Β</em></strong></span> 
     </span>
    </p>
   </div>
   <div class='ocr_carea' id='block_1_21' title="bbox 115 936 898 973">
    <p class='ocr_par' dir='ltr' id='par_1_21' title="bbox 115 936 898 973">
     <span class='ocr_line' id='line_1_21' title="bbox 115 936 898 973; baseline -0.001 -9"><span class='ocrx_word' id='word_1_162' title='bbox 115 937 170 973; x_wconf 78' lang='grc' dir='ltr'>τρί’</span> <span class='ocrx_word' id='word_1_163' title='bbox 180 937 235 964; x_wconf 80' lang='grc' dir='ltr'><strong>Καὶ</strong></span> <span class='ocrx_word' id='word_1_164' title='bbox 254 936 506 972; x_wconf 76' lang='grc' dir='ltr'><strong>προσκυνήσουσι</strong></span> <span class='ocrx_word' id='word_1_165' title='bbox 518 944 568 963; x_wconf 86' lang='grc' dir='ltr'>σοι</span> <span class='ocrx_word' id='word_1_166' title='bbox 584 937 631 963; x_wconf 75' lang='grc' dir='ltr'>καὶ</span> <span class='ocrx_word' id='word_1_167' title='bbox 652 936 687 963; x_wconf 87' lang='grc' dir='ltr'><strong>ἐν</strong></span> <span class='ocrx_word' id='word_1_168' title='bbox 704 937 753 964; x_wconf 79' lang='grc' dir='ltr'><strong>σοὶ</strong></span> <span class='ocrx_word' id='word_1_169' title='bbox 769 937 898 971; x_wconf 79' lang='grc' dir='ltr'><strong>προσεύ-</strong></span> 
     </span>
    </p>
   </div>
   <div class='ocr_carea' id='block_1_22' title="bbox 114 982 897 1016">
    <p class='ocr_par' dir='ltr' id='par_1_22' title="bbox 114 982 897 1016">
     <span class='ocr_line' id='line_1_22' title="bbox 114 982 897 1016; baseline -0.001 -6"><span class='ocrx_word' id='word_1_170' title='bbox 114 984 226 1015; x_wconf 54' lang='lat' dir='ltr'><strong>(iamut,</strong></span> <span class='ocrx_word' id='word_1_171' title='bbox 239 983 283 1010; x_wconf 84' lang='grc' dir='ltr'><strong>ὅτι</strong></span> <span class='ocrx_word' id='word_1_172' title='bbox 300 984 334 1010; x_wconf 86' lang='grc' dir='ltr'><strong>ἐν</strong></span> <span class='ocrx_word' id='word_1_173' title='bbox 350 983 399 1010; x_wconf 75' lang='grc' dir='ltr'>σοι</span> <span class='ocrx_word' id='word_1_174' title='bbox 423 984 440 1010; x_wconf 84' lang='grc' dir='ltr'><strong><em>ό</em></strong></span> <span class='ocrx_word' id='word_1_175' title='bbox 465 983 537 1015; x_wconf 83' lang='grc' dir='ltr'><strong>Θεός</strong></span> <span class='ocrx_word' id='word_1_176' title='bbox 557 983 633 1014; x_wconf 81' lang='grc' dir='ltr'><em>ἐστι,</em></span> <span class='ocrx_word' id='word_1_177' title='bbox 661 982 711 1010; x_wconf 77' lang='grc' dir='ltr'><strong>καὶ</strong></span> <span class='ocrx_word' id='word_1_178' title='bbox 733 982 817 1016; x_wconf 68' lang='grc' dir='ltr'><em>πλὴν</em></span> <span class='ocrx_word' id='word_1_179' title='bbox 839 983 897 1010; x_wconf 87' lang='grc' dir='ltr'><strong>σοῦ</strong></span> 
     </span>
    </p>
   </div>
   <div class='ocr_carea' id='block_1_23' title="bbox 114 1027 895 1064">
    <p class='ocr_par' dir='ltr' id='par_1_23' title="bbox 114 1027 895 1064">
     <span class='ocr_line' id='line_1_23' title="bbox 114 1027 895 1064; baseline 0 -8"><span class='ocrx_word' id='word_1_180' title='bbox 114 1029 186 1063; x_wconf 86' lang='grc' dir='ltr'><strong>Θεὸς</strong></span> <span class='ocrx_word' id='word_1_181' title='bbox 194 1030 249 1056; x_wconf 81' lang='grc' dir='ltr'>οὐκ</span> <span class='ocrx_word' id='word_1_182' title='bbox 265 1029 341 1056; x_wconf 78' lang='grc' dir='ltr'><em>ἔστι.</em></span> <span class='ocrx_word' id='word_1_183' title='bbox 353 1029 395 1056; x_wconf 83' lang='grc' dir='ltr'><strong>Σὺ</strong></span> <span class='ocrx_word' id='word_1_184' title='bbox 408 1029 462 1063; x_wconf 79' lang='grc' dir='ltr'>γὰρ</span> <span class='ocrx_word' id='word_1_185' title='bbox 470 1027 524 1056; x_wconf 68' lang='lat' dir='ltr'><strong>eid</strong></span> <span class='ocrx_word' id='word_1_186' title='bbox 537 1029 619 1062; x_wconf 83' lang='grc' dir='ltr'><strong>Θεὸς,</strong></span> <span class='ocrx_word' id='word_1_187' title='bbox 628 1029 676 1056; x_wconf 72' lang='grc' dir='ltr'><strong>καὶ</strong></span> <span class='ocrx_word' id='word_1_188' title='bbox 693 1030 748 1056; x_wconf 82' lang='grc' dir='ltr'>οὐκ</span> <span class='ocrx_word' id='word_1_189' title='bbox 765 1028 895 1064; x_wconf 78' lang='grc' dir='ltr'><strong>ᾔδειμεν,</strong></span> 
     </span>
    </p>
   </div>
   <div class='ocr_carea' id='block_1_24' title="bbox 113 1075 896 1110">
    <p class='ocr_par' dir='ltr' id='par_1_24' title="bbox 113 1075 896 1110">
     <span class='ocr_line' id='line_1_24' title="bbox 113 1075 896 1110; baseline -0.001 -8"><span class='ocrx_word' id='word_1_190' title='bbox 113 1076 185 1109; x_wconf 77' lang='grc' dir='ltr'>Θεὸς</span> <span class='ocrx_word' id='word_1_191' title='bbox 204 1075 256 1102; x_wconf 86' lang='grc' dir='ltr'><strong>τοῦ</strong></span> <span class='ocrx_word' id='word_1_192' title='bbox 278 1075 396 1110; x_wconf 76' lang='grc' dir='ltr'><strong>Ἰσραὴλ</strong></span> <span class='ocrx_word' id='word_1_193' title='bbox 423 1075 534 1109; x_wconf 74' lang='grc' dir='ltr'><strong>Σωτήρ.</strong></span> <span class='ocrx_word' id='word_1_194' title='bbox 561 1075 822 1110; x_wconf 75' lang='grc' dir='ltr'><strong>Αἰσχυνθήσονται</strong></span> <span class='ocrx_word' id='word_1_195' title='bbox 847 1075 896 1102; x_wconf 76' lang='grc' dir='ltr'>καὶ</span> 
     </span>
    </p>
   </div>
   <div class='ocr_carea' id='block_1_25' title="bbox 111 1121 892 1158">
    <p class='ocr_par' dir='ltr' id='par_1_25' title="bbox 111 1121 892 1158">
     <span class='ocr_line' id='line_1_25' title="bbox 111 1121 892 1158; baseline 0.001 -10"><span class='ocrx_word' id='word_1_196' title='bbox 111 1121 348 1156; x_wconf 78' lang='grc' dir='ltr'><strong>ἐντραπήσονται</strong></span> <span class='ocrx_word' id='word_1_197' title='bbox 379 1122 490 1156; x_wconf 77' lang='grc' dir='ltr'><em>πάντες</em></span> <span class='ocrx_word' id='word_1_198' title='bbox 520 1124 547 1150; x_wconf 86' lang='grc' dir='ltr'><strong>οι</strong></span> <span class='ocrx_word' id='word_1_199' title='bbox 582 1123 780 1158; x_wconf 78' lang='grc' dir='ltr'><strong>ἀντικείμενοι</strong></span> <span class='ocrx_word' id='word_1_200' title='bbox 804 1122 892 1155; x_wconf 84' lang='grc' dir='ltr'><strong>αὐτῷ.</strong></span> 
     </span>
    </p>
   </div>
   <div class='ocr_carea' id='block_1_26' title="bbox 117 1165 895 1203">
    <p class='ocr_par' dir='ltr' id='par_1_26' title="bbox 117 1165 895 1203">
     <span class='ocr_line' id='line_1_26' title="bbox 117 1165 895 1203; baseline 0.004 -12"><span class='ocrx_word' id='word_1_201' title='bbox 117 1165 291 1192; x_wconf 78' lang='grc' dir='ltr'>’Λντίκεινται</span> <span class='ocrx_word' id='word_1_202' title='bbox 306 1165 333 1192; x_wconf 82' lang='grc' dir='ltr'><strong>δὲ</strong></span> <span class='ocrx_word' id='word_1_203' title='bbox 347 1166 420 1202; x_wconf 81' lang='grc' dir='ltr'>αὐτῷ</span> <span class='ocrx_word' id='word_1_204' title='bbox 432 1165 487 1201; x_wconf 72' lang='grc'><strong>(64)</strong></span> <span class='ocrx_word' id='word_1_205' title='bbox 511 1167 534 1193; x_wconf 84' lang='grc' dir='ltr'>οἱ</span> <span class='ocrx_word' id='word_1_206' title='bbox 552 1167 588 1202; x_wconf 85' lang='grc' dir='ltr'><strong>μὴ</strong></span> <span class='ocrx_word' id='word_1_207' title='bbox 605 1167 796 1203; x_wconf 77' lang='grc' dir='ltr'>ὁμολογοῦντες</span> <span class='ocrx_word' id='word_1_208' title='bbox 815 1168 895 1195; x_wconf 83' lang='grc' dir='ltr'>αὑτὸν</span> 
     </span>
    </p>
   </div>
   <div class='ocr_carea' id='block_1_27' title="bbox 109 1211 892 1249">
    <p class='ocr_par' dir='ltr' id='par_1_27' title="bbox 109 1211 892 1249">
     <span class='ocr_line' id='line_1_27' title="bbox 109 1211 892 1249; baseline 0.001 -11"><span class='ocrx_word' id='word_1_209' title='bbox 109 1211 157 1238; x_wconf 79' lang='grc' dir='ltr'>καὶ</span> <span class='ocrx_word' id='word_1_210' title='bbox 171 1211 201 1238; x_wconf 89' lang='grc' dir='ltr'>τὸ</span> <span class='ocrx_word' id='word_1_211' title='bbox 213 1211 323 1247; x_wconf 83' lang='grc' dir='ltr'><strong>Πνεῦμα</strong></span> <span class='ocrx_word' id='word_1_212' title='bbox 333 1211 414 1239; x_wconf 77' lang='grc' dir='ltr'>αὑτοῦ</span> <span class='ocrx_word' id='word_1_213' title='bbox 437 1212 487 1247; x_wconf 76' lang='grc' dir='ltr'><strong>τῆς</strong></span> <span class='ocrx_word' id='word_1_214' title='bbox 509 1213 592 1248; x_wconf 82' lang='grc' dir='ltr'>αὐτῆς</span> <span class='ocrx_word' id='word_1_215' title='bbox 615 1213 655 1248; x_wconf 83' lang='grc' dir='ltr'><strong>τῷ</strong></span> <span class='ocrx_word' id='word_1_216' title='bbox 679 1213 766 1249; x_wconf 58' lang='lat' dir='ltr'><strong>Harp).</strong></span> <span class='ocrx_word' id='word_1_217' title='bbox 790 1214 892 1245; x_wconf 80' lang='grc' dir='ltr'><strong>οὐσίας,</strong></span> 
     </span>
    </p>
   </div>
   <div class='ocr_carea' id='block_1_28' title="bbox 109 1255 894 1294">
    <p class='ocr_par' dir='ltr' id='par_1_28' title="bbox 109 1255 894 1294">
     <span class='ocr_line' id='line_1_28' title="bbox 109 1255 894 1294; baseline 0.003 -10"><span class='ocrx_word' id='word_1_218' title='bbox 109 1257 157 1284; x_wconf 75' lang='grc' dir='ltr'>καὶ</span> <span class='ocrx_word' id='word_1_219' title='bbox 173 1257 241 1293; x_wconf 83' lang='grc' dir='ltr'>πλὴν</span> <span class='ocrx_word' id='word_1_220' title='bbox 254 1257 335 1284; x_wconf 81' lang='grc' dir='ltr'>αὑτοῦ</span> <span class='ocrx_word' id='word_1_221' title='bbox 351 1258 387 1294; x_wconf 82' lang='grc' dir='ltr'><strong>μὴ</strong></span> <span class='ocrx_word' id='word_1_222' title='bbox 400 1255 469 1285; x_wconf 73' lang='grc' dir='ltr'>εἶναι</span> <span class='ocrx_word' id='word_1_223' title='bbox 487 1257 563 1290; x_wconf 82' lang='grc' dir='ltr'>Θεὸν,</span> <span class='ocrx_word' id='word_1_224' title='bbox 584 1258 630 1285; x_wconf 80' lang='grc' dir='ltr'><strong>καὶ</strong></span> <span class='ocrx_word' id='word_1_225' title='bbox 657 1259 681 1285; x_wconf 83' lang='grc' dir='ltr'>οἱ</span> <span class='ocrx_word' id='word_1_226' title='bbox 696 1258 727 1286; x_wconf 79' lang='grc' dir='ltr'>τὸ</span> <span class='ocrx_word' id='word_1_227' title='bbox 743 1259 828 1291; x_wconf 77' lang='grc' dir='ltr'>πάθος</span> <span class='ocrx_word' id='word_1_228' title='bbox 846 1260 894 1286; x_wconf 86' lang='grc' dir='ltr'><strong>αὺ-</strong></span> 
     </span>
    </p>
   </div>
   <div class='ocr_carea' id='block_1_29' title="bbox 107 1302 893 1341">
    <p class='ocr_par' dir='ltr' id='par_1_29' title="bbox 107 1302 893 1341">
     <span class='ocr_line' id='line_1_29' title="bbox 107 1302 893 1341; baseline 0.003 -12"><span class='ocrx_word' id='word_1_229' title='bbox 107 1302 155 1330; x_wconf 79' lang='grc' dir='ltr'>τοῦ</span> <span class='ocrx_word' id='word_1_230' title='bbox 182 1303 230 1330; x_wconf 78' lang='grc' dir='ltr'>καὶ</span> <span class='ocrx_word' id='word_1_231' title='bbox 254 1303 302 1338; x_wconf 80' lang='grc' dir='ltr'><strong>τὴν</strong></span> <span class='ocrx_word' id='word_1_232' title='bbox 316 1304 450 1340; x_wconf 70' lang='grc' dir='ltr'><strong>πτωχείαν</strong></span> <span class='ocrx_word' id='word_1_233' title='bbox 467 1305 698 1339; x_wconf 80' lang='grc' dir='ltr'><strong>ὲπαισχυνόμενοι.</strong></span> <span class='ocrx_word' id='word_1_234' title='bbox 722 1305 814 1337; x_wconf 75' lang='grc' dir='ltr'>Οὐδεὶς</span> <span class='ocrx_word' id='word_1_235' title='bbox 838 1305 893 1341; x_wconf 78' lang='grc' dir='ltr'><strong>γὰρ</strong></span> 
     </span>
    </p>
   </div>
   <div class='ocr_carea' id='block_1_30' title="bbox 108 1348 892 1386">
    <p class='ocr_par' dir='ltr' id='par_1_30' title="bbox 108 1348 892 1386">
     <span class='ocr_line' id='line_1_30' title="bbox 108 1348 892 1386; baseline 0.003 -11"><span class='ocrx_word' id='word_1_236' title='bbox 108 1348 217 1376; x_wconf 85' lang='grc' dir='ltr'>δύναται</span> <span class='ocrx_word' id='word_1_237' title='bbox 240 1349 340 1383; x_wconf 85' lang='grc' dir='ltr'>γνῶναι</span> <span class='ocrx_word' id='word_1_238' title='bbox 370 1348 446 1382; x_wconf 83' lang='grc' dir='ltr'>Θεὸν,</span> <span class='ocrx_word' id='word_1_239' title='bbox 459 1349 505 1376; x_wconf 82' lang='grc' dir='ltr'><strong>ἐὰν</strong></span> <span class='ocrx_word' id='word_1_240' title='bbox 524 1349 561 1385; x_wconf 84' lang='grc' dir='ltr'><strong>μὴ</strong></span> <span class='ocrx_word' id='word_1_241' title='bbox 579 1350 625 1377; x_wconf 83' lang='grc' dir='ltr'>τὸν</span> <span class='ocrx_word' id='word_1_242' title='bbox 641 1350 829 1386; x_wconf 76' lang='grc' dir='ltr'><strong>σταυρωθέντα</strong></span> <span class='ocrx_word' id='word_1_243' title='bbox 845 1351 892 1377; x_wconf 79' lang='grc' dir='ltr'><strong>καὶ</strong></span> 
     </span>
    </p>
   </div>
   <div class='ocr_carea' id='block_1_31' title="bbox 108 1394 891 1432">
    <p class='ocr_par' dir='ltr' id='par_1_31' title="bbox 108 1394 891 1432">
     <span class='ocr_line' id='line_1_31' title="bbox 108 1394 891 1432; baseline 0 -10"><span class='ocrx_word' id='word_1_244' title='bbox 108 1396 140 1422; x_wconf 77' lang='grc' dir='ltr'>ἐκ</span> <span class='ocrx_word' id='word_1_245' title='bbox 154 1394 259 1430; x_wconf 83' lang='grc' dir='ltr'>νεκρῶν</span> <span class='ocrx_word' id='word_1_246' title='bbox 271 1395 423 1422; x_wconf 75' lang='grc' dir='ltr'><strong>ἀναστάντα</strong></span> <span class='ocrx_word' id='word_1_247' title='bbox 450 1395 602 1431; x_wconf 83' lang='grc' dir='ltr'><strong>ὁμολογήσῃ</strong></span> <span class='ocrx_word' id='word_1_248' title='bbox 623 1396 672 1423; x_wconf 84' lang='grc' dir='ltr'><strong>σὺν</strong></span> <span class='ocrx_word' id='word_1_249' title='bbox 691 1395 730 1431; x_wconf 85' lang='grc' dir='ltr'><strong>τῷ</strong></span> <span class='ocrx_word' id='word_1_250' title='bbox 752 1397 891 1432; x_wconf 85' lang='grc' dir='ltr'>ἁποστόλῳ</span> 
     </span>
    </p>
   </div>
   <div class='ocr_carea' id='block_1_32' title="bbox 107 1440 891 1476">
    <p class='ocr_par' dir='ltr' id='par_1_32' title="bbox 107 1440 891 1476">
     <span class='ocr_line' id='line_1_32' title="bbox 107 1440 891 1476; baseline 0.001 -8"><span class='ocrx_word' id='word_1_251' title='bbox 107 1440 192 1476; x_wconf 81' lang='grc' dir='ltr'><strong>θωμᾷ</strong></span> <span class='ocrx_word' id='word_1_252' title='bbox 209 1441 263 1476; x_wconf 73' lang='lat'><em>(55)</em></span> <span class='ocrx_word' id='word_1_253' title='bbox 277 1440 378 1476; x_wconf 83' lang='grc' dir='ltr'>Κύριον</span> <span class='ocrx_word' id='word_1_254' title='bbox 394 1441 440 1467; x_wconf 79' lang='grc' dir='ltr'>καὶ</span> <span class='ocrx_word' id='word_1_255' title='bbox 463 1441 528 1468; x_wconf 78' lang='grc' dir='ltr'>Θεὸν</span> <span class='ocrx_word' id='word_1_256' title='bbox 551 1441 596 1468; x_wconf 80' lang='grc' dir='ltr'>τὸν</span> <span class='ocrx_word' id='word_1_257' title='bbox 622 1441 734 1476; x_wconf 83' lang='grc' dir='ltr'>λέγοντα</span> <span class='ocrx_word' id='word_1_258' title='bbox 754 1443 811 1474; x_wconf 83' lang='grc' dir='ltr'>τοῖς</span> <span class='ocrx_word' id='word_1_259' title='bbox 824 1443 891 1469; x_wconf 83' lang='grc' dir='ltr'><strong>ἁπο-</strong></span> 
     </span>
    </p>
   </div>
   <div class='ocr_carea' id='block_1_33' title="bbox 107 1486 889 1522">
    <p class='ocr_par' dir='ltr' id='par_1_33' title="bbox 107 1486 889 1522">
     <span class='ocr_line' id='line_1_33' title="bbox 107 1486 889 1522; baseline 0.003 -9"><span class='ocrx_word' id='word_1_260' title='bbox 107 1486 211 1518; x_wconf 84' lang='grc' dir='ltr'>στόλοις</span> <span class='ocrx_word' id='word_1_261' title='bbox 227 1487 319 1514; x_wconf 80' lang='grc' dir='ltr'>αὐτοῦ·</span> <span class='ocrx_word' id='word_1_262' title='bbox 333 1487 368 1513; x_wconf 78' lang='lat' dir='ltr'><strong>El</strong></span> <span class='ocrx_word' id='word_1_263' title='bbox 383 1487 438 1522; x_wconf 77' lang='grc' dir='ltr'>γὰρ</span> <span class='ocrx_word' id='word_1_264' title='bbox 453 1486 607 1521; x_wconf 83' lang='grc' dir='ltr'><strong>ἐγνώκειτέ</strong></span> <span class='ocrx_word' id='word_1_265' title='bbox 625 1496 673 1522; x_wconf 83' lang='grc' dir='ltr'><strong>με,</strong></span> <span class='ocrx_word' id='word_1_266' title='bbox 691 1487 741 1515; x_wconf 74' lang='grc' dir='ltr'>καὶ</span> <span class='ocrx_word' id='word_1_267' title='bbox 765 1488 819 1515; x_wconf 85' lang='grc' dir='ltr'><strong>τὸν</strong></span> <span class='ocrx_word' id='word_1_268' title='bbox 829 1490 889 1515; x_wconf 81' lang='grc' dir='ltr'><strong>Πα-</strong></span> 
     </span>
    </p>
   </div>
   <div class='ocr_carea' id='block_1_34' title="bbox 957 246 1739 284">
    <p class='ocr_par' dir='ltr' id='par_1_34' title="bbox 957 246 1739 284">
     <span class='ocr_line' id='line_1_34' title="bbox 957 246 1739 284; baseline -0.005 -8"><span class='ocrx_word' id='word_1_269' title='bbox 957 249 1069 277; x_wconf 86' lang='lat' dir='ltr'><strong>Actibus</strong></span> <span class='ocrx_word' id='word_1_270' title='bbox 1084 248 1237 284; x_wconf 76' lang='lat' dir='ltr'><strong>Stephanus</strong></span> <span class='ocrx_word' id='word_1_271' title='bbox 1248 248 1336 275; x_wconf 86' lang='lat' dir='ltr'><strong>dicat:</strong></span> <span class='ocrx_word' id='word_1_272' title='bbox 1350 247 1419 274; x_wconf 74' lang='lat' dir='ltr'><strong>Deus</strong></span> <span class='ocrx_word' id='word_1_273' title='bbox 1430 246 1522 282; x_wconf 70' lang='lat' dir='ltr'><strong>gloria</strong></span> <span class='ocrx_word' id='word_1_274' title='bbox 1537 246 1607 273; x_wconf 69' lang='lat' dir='ltr'><strong>visu:</strong></span> <span class='ocrx_word' id='word_1_275' title='bbox 1617 250 1656 273; x_wconf 80' lang='lat' dir='ltr'><strong>est</strong></span> <span class='ocrx_word' id='word_1_276' title='bbox 1668 247 1739 280; x_wconf 83' lang='lat' dir='ltr'><strong>patri</strong></span> 
     </span>
    </p>
   </div>
   <div class='ocr_carea' id='block_1_35' title="bbox 957 291 1738 328">
    <p class='ocr_par' dir='ltr' id='par_1_35' title="bbox 957 291 1738 328">
     <span class='ocr_line' id='line_1_35' title="bbox 957 291 1738 328; baseline -0.005 -6"><span class='ocrx_word' id='word_1_277' title='bbox 957 301 1045 322; x_wconf 79' lang='lat' dir='ltr'><strong>nostra</strong></span> <span class='ocrx_word' id='word_1_278' title='bbox 1056 295 1190 323; x_wconf 78' lang='lat' dir='ltr'><strong>Abraham</strong></span> <span class='ocrx_word' id='word_1_279' title='bbox 1202 294 1241 322; x_wconf 69' lang='grc' dir='ltr'><strong>δίε</strong></span> <span class='ocrx_word' id='word_1_280' title='bbox 1256 293 1314 321; x_wconf 65' lang='lat' dir='ltr'><strong>haec</strong></span> <span class='ocrx_word' id='word_1_281' title='bbox 1323 292 1380 328; x_wconf 88' lang='lat' dir='ltr'><strong>ipsa</strong></span> <span class='ocrx_word' id='word_1_282' title='bbox 1393 292 1427 320; x_wconf 86' lang='lat' dir='ltr'><strong>de</strong></span> <span class='ocrx_word' id='word_1_283' title='bbox 1439 291 1508 319; x_wconf 87' lang='lat' dir='ltr'><strong>Filio</strong></span> <span class='ocrx_word' id='word_1_284' title='bbox 1519 299 1627 326; x_wconf 81' lang='lat' dir='ltr'><strong>quoque</strong></span> <span class='ocrx_word' id='word_1_285' title='bbox 1638 291 1738 319; x_wconf 85' lang='lat' dir='ltr'><strong>Paulus</strong></span> 
     </span>
    </p>
   </div>
   <div class='ocr_carea' id='block_1_36' title="bbox 956 337 1739 376">
    <p class='ocr_par' dir='ltr' id='par_1_36' title="bbox 956 337 1739 376">
     <span class='ocr_line' id='line_1_36' title="bbox 956 337 1739 376; baseline -0.005 -8"><span class='ocrx_word' id='word_1_286' title='bbox 956 342 1013 369; x_wconf 89' lang='lat' dir='ltr'><strong>ait:</strong></span> <span class='ocrx_word' id='word_1_287' title='bbox 1030 342 1060 369; x_wconf 85' lang='lat' dir='ltr'><strong>Si</strong></span> <span class='ocrx_word' id='word_1_288' title='bbox 1069 341 1138 368; x_wconf 84' lang='lat' dir='ltr'><strong>enim</strong></span> <span class='ocrx_word' id='word_1_289' title='bbox 1150 340 1338 376; x_wconf 71' lang='lat' dir='ltr'><strong>cognovissent,</strong></span> <span class='ocrx_word' id='word_1_290' title='bbox 1354 347 1486 374; x_wconf 81' lang='lat' dir='ltr'><strong>nunquam</strong></span> <span class='ocrx_word' id='word_1_291' title='bbox 1493 338 1634 365; x_wconf 85' lang='lat' dir='ltr'><strong>Dominum</strong></span> <span class='ocrx_word' id='word_1_292' title='bbox 1648 337 1739 372; x_wconf 70' lang='lat' dir='ltr'><strong>gloria</strong></span> 
     </span>
    </p>
   </div>
   <div class='ocr_carea' id='block_1_37' title="bbox 955 384 1738 422">
    <p class='ocr_par' dir='ltr' id='par_1_37' title="bbox 955 384 1738 422">
     <span class='ocr_line' id='line_1_37' title="bbox 955 384 1738 422; baseline -0.006 -8"><span class='ocrx_word' id='word_1_293' title='bbox 955 388 1146 422; x_wconf 66' lang='lat' dir='ltr'><strong>cruciﬁxistent</strong></span> <span class='ocrx_word' id='word_1_294' title='bbox 1157 387 1190 414; x_wconf 74' lang='grc'><strong>⁸³,</strong></span> <span class='ocrx_word' id='word_1_295' title='bbox 1204 386 1336 414; x_wconf 77' lang='lat' dir='ltr'><strong>Similiter</strong></span> <span class='ocrx_word' id='word_1_296' title='bbox 1344 385 1428 412; x_wconf 85' lang='lat' dir='ltr'><strong>David</strong></span> <span class='ocrx_word' id='word_1_297' title='bbox 1445 393 1452 412; x_wconf 92' lang='lat'><strong>:</strong></span> <span class='ocrx_word' id='word_1_298' title='bbox 1466 384 1594 411; x_wconf 78' lang='lat' dir='ltr'><strong>Dominus</strong></span> <span class='ocrx_word' id='word_1_299' title='bbox 1611 384 1738 411; x_wconf 78' lang='lat' dir='ltr'><strong>uirtutum</strong></span> 
     </span>
    </p>
   </div>
   <div class='ocr_carea' id='block_1_38' title="bbox 954 429 1737 468">
    <p class='ocr_par' dir='ltr' id='par_1_38' title="bbox 954 429 1737 468">
     <span class='ocr_line' id='line_1_38' title="bbox 954 429 1737 468; baseline -0.005 -8"><span class='ocrx_word' id='word_1_300' title='bbox 954 433 1008 467; x_wconf 77' lang='lat' dir='ltr'><strong>ipse</strong></span> <span class='ocrx_word' id='word_1_301' title='bbox 1024 439 1061 460; x_wconf 79' lang='lat' dir='ltr'><strong>est</strong></span> <span class='ocrx_word' id='word_1_302' title='bbox 1077 441 1123 461; x_wconf 69' lang='lat' dir='ltr'><strong>res:</strong></span> <span class='ocrx_word' id='word_1_303' title='bbox 1135 432 1254 468; x_wconf 64' lang='lat' dir='ltr'><strong>gloria“</strong></span> <span class='ocrx_word' id='word_1_304' title='bbox 1275 441 1282 460; x_wconf 88' lang='lat'>:</span> <span class='ocrx_word' id='word_1_305' title='bbox 1297 439 1349 459; x_wconf 89' lang='lat' dir='ltr'><strong>una</strong></span> <span class='ocrx_word' id='word_1_306' title='bbox 1363 431 1435 459; x_wconf 85' lang='lat' dir='ltr'><strong>enim</strong></span> <span class='ocrx_word' id='word_1_307' title='bbox 1447 431 1532 465; x_wconf 76' lang='lat' dir='ltr'><strong>gloria</strong></span> <span class='ocrx_word' id='word_1_308' title='bbox 1541 430 1628 457; x_wconf 89' lang='lat' dir='ltr'><strong>Patris</strong></span> <span class='ocrx_word' id='word_1_309' title='bbox 1639 435 1666 457; x_wconf 87' lang='lat' dir='ltr'><strong>et</strong></span> <span class='ocrx_word' id='word_1_310' title='bbox 1676 429 1737 456; x_wconf 86' lang='lat' dir='ltr'><strong>Filii</strong></span> 
     </span>
    </p>
   </div>
   <div class='ocr_carea' id='block_1_39' title="bbox 953 475 1738 514">
    <p class='ocr_par' dir='ltr' id='par_1_39' title="bbox 953 475 1738 514">
     <span class='ocr_line' id='line_1_39' title="bbox 953 475 1738 514; baseline -0.005 -8"><span class='ocrx_word' id='word_1_311' title='bbox 953 484 980 506; x_wconf 88' lang='lat' dir='ltr'><strong>et</strong></span> <span class='ocrx_word' id='word_1_312' title='bbox 996 479 1115 514; x_wconf 84' lang='lat' dir='ltr'><strong>Spiritus</strong></span> <span class='ocrx_word' id='word_1_313' title='bbox 1125 479 1222 506; x_wconf 86' lang='lat' dir='ltr'><strong>sancti.</strong></span> <span class='ocrx_word' id='word_1_314' title='bbox 1239 478 1358 506; x_wconf 83' lang='lat' dir='ltr'><strong>Gloriam</strong></span> <span class='ocrx_word' id='word_1_315' title='bbox 1371 485 1467 509; x_wconf 80' lang='lat' dir='ltr'><strong>meum.</strong></span> <span class='ocrx_word' id='word_1_316' title='bbox 1483 476 1522 504; x_wconf 86' lang='lat' dir='ltr'><strong>ait</strong></span> <span class='ocrx_word' id='word_1_317' title='bbox 1537 476 1687 511; x_wconf 72' lang='lat' dir='ltr'><strong>Scriptura,</strong></span> <span class='ocrx_word' id='word_1_318' title='bbox 1699 475 1738 502; x_wconf 86' lang='lat' dir='ltr'><strong>al-</strong></span> 
     </span>
    </p>
   </div>
   <div class='ocr_carea' id='block_1_40' title="bbox 955 521 1734 559">
    <p class='ocr_par' dir='ltr' id='par_1_40' title="bbox 955 521 1734 559">
     <span class='ocr_line' id='line_1_40' title="bbox 955 521 1734 559; baseline -0.003 -8"><span class='ocrx_word' id='word_1_319' title='bbox 955 525 1004 552; x_wconf 87' lang='lat' dir='ltr'><strong>teri</strong></span> <span class='ocrx_word' id='word_1_320' title='bbox 1022 533 1074 551; x_wconf 86' lang='lat' dir='ltr'><strong>non</strong></span> <span class='ocrx_word' id='word_1_321' title='bbox 1097 525 1164 552; x_wconf 84' lang='lat' dir='ltr'><strong><em>dabo</em></strong></span> <span class='ocrx_word' id='word_1_322' title='bbox 1172 525 1212 551; x_wconf 75' lang='grc' dir='ltr'><strong>⁸⁶ε</strong></span> <span class='ocrx_word' id='word_1_323' title='bbox 1229 531 1316 559; x_wconf 87' lang='lat' dir='ltr'><strong>neque</strong></span> <span class='ocrx_word' id='word_1_324' title='bbox 1330 523 1401 551; x_wconf 90' lang='lat' dir='ltr'><strong>enim</strong></span> <span class='ocrx_word' id='word_1_325' title='bbox 1416 522 1501 550; x_wconf 86' lang='lat' dir='ltr'><strong>Filius</strong></span> <span class='ocrx_word' id='word_1_326' title='bbox 1515 526 1556 550; x_wconf 84' lang='lat' dir='ltr'><strong>est</strong></span> <span class='ocrx_word' id='word_1_327' title='bbox 1570 522 1637 549; x_wconf 89' lang='lat' dir='ltr'><strong>alter</strong></span> <span class='ocrx_word' id='word_1_328' title='bbox 1653 521 1734 554; x_wconf 86' lang='lat' dir='ltr'><strong>Deus,</strong></span> 
     </span>
    </p>
   </div>
   <div class='ocr_carea' id='block_1_41' title="bbox 953 565 1736 602">
    <p class='ocr_par' dir='ltr' id='par_1_41' title="bbox 953 565 1736 602">
     <span class='ocr_line' id='line_1_41' title="bbox 953 565 1736 602; baseline -0.004 -5"><span class='ocrx_word' id='word_1_329' title='bbox 953 571 1000 598; x_wconf 84' lang='lat' dir='ltr'><strong>sed</strong></span> <span class='ocrx_word' id='word_1_330' title='bbox 1014 569 1131 597; x_wconf 83' lang='lat' dir='ltr'><strong>Verbum</strong></span> <span class='ocrx_word' id='word_1_331' title='bbox 1147 569 1228 596; x_wconf 90' lang='lat' dir='ltr'><strong>unius</strong></span> <span class='ocrx_word' id='word_1_332' title='bbox 1241 573 1269 596; x_wconf 88' lang='lat' dir='ltr'><strong>et</strong></span> <span class='ocrx_word' id='word_1_333' title='bbox 1285 568 1372 596; x_wconf 86' lang='lat' dir='ltr'><strong>solius</strong></span> <span class='ocrx_word' id='word_1_334' title='bbox 1383 567 1440 600; x_wconf 86' lang='lat' dir='ltr'><strong>Dei,</strong></span> <span class='ocrx_word' id='word_1_335' title='bbox 1453 567 1524 602; x_wconf 84' lang='lat' dir='ltr'><strong>quod</strong></span> <span class='ocrx_word' id='word_1_336' title='bbox 1539 566 1609 594; x_wconf 82' lang='lat' dir='ltr'><strong>Deus</strong></span> <span class='ocrx_word' id='word_1_337' title='bbox 1621 566 1647 593; x_wconf 94' lang='lat' dir='ltr'><strong>in</strong></span> <span class='ocrx_word' id='word_1_338' title='bbox 1657 565 1736 594; x_wconf 82' lang='lat' dir='ltr'><strong>Patre</strong></span> 
     </span>
    </p>
   </div>
   <div class='ocr_carea' id='block_1_42' title="bbox 952 611 1736 648">
    <p class='ocr_par' dir='ltr' id='par_1_42' title="bbox 952 611 1736 648">
     <span class='ocr_line' id='line_1_42' title="bbox 952 611 1736 648; baseline -0.008 -4"><span class='ocrx_word' id='word_1_339' title='bbox 952 616 1061 648; x_wconf 89' lang='lat' dir='ltr'><strong>dicitur,</strong></span> <span class='ocrx_word' id='word_1_340' title='bbox 1078 619 1108 643; x_wconf 84' lang='lat' dir='ltr'><strong>ut</strong></span> <span class='ocrx_word' id='word_1_341' title='bbox 1123 619 1150 643; x_wconf 88' lang='lat' dir='ltr'><strong>et</strong></span> <span class='ocrx_word' id='word_1_342' title='bbox 1165 614 1246 642; x_wconf 87' lang='lat' dir='ltr'><strong>Pater</strong></span> <span class='ocrx_word' id='word_1_343' title='bbox 1258 614 1330 641; x_wconf 90' lang='lat' dir='ltr'><strong>Deus</strong></span> <span class='ocrx_word' id='word_1_344' title='bbox 1343 613 1370 641; x_wconf 92' lang='lat' dir='ltr'><strong>in</strong></span> <span class='ocrx_word' id='word_1_345' title='bbox 1383 612 1452 640; x_wconf 88' lang='lat' dir='ltr'><strong>Filio</strong></span> <span class='ocrx_word' id='word_1_346' title='bbox 1461 616 1590 645; x_wconf 78' lang='lat' dir='ltr'><strong>vocatur;</strong></span> <span class='ocrx_word' id='word_1_347' title='bbox 1603 612 1642 639; x_wconf 88' lang='lat' dir='ltr'><strong>nti</strong></span> <span class='ocrx_word' id='word_1_348' title='bbox 1653 611 1736 639; x_wconf 86' lang='lat' dir='ltr'><strong>Isaias</strong></span> 
     </span>
    </p>
   </div>
   <div class='ocr_carea' id='block_1_43' title="bbox 951 655 1736 692">
    <p class='ocr_par' dir='ltr' id='par_1_43' title="bbox 951 655 1736 692">
     <span class='ocr_line' id='line_1_43' title="bbox 951 655 1736 692; baseline -0.005 -4"><span class='ocrx_word' id='word_1_349' title='bbox 951 661 1050 688; x_wconf 84' lang='lat' dir='ltr'><strong>Filium</strong></span> <span class='ocrx_word' id='word_1_350' title='bbox 1067 668 1120 687; x_wconf 87' lang='lat' dir='ltr'><strong>una</strong></span> <span class='ocrx_word' id='word_1_351' title='bbox 1133 667 1195 687; x_wconf 92' lang='lat' dir='ltr'><strong>cum</strong></span> <span class='ocrx_word' id='word_1_352' title='bbox 1214 659 1294 686; x_wconf 87' lang='lat' dir='ltr'><strong>Patre</strong></span> <span class='ocrx_word' id='word_1_353' title='bbox 1316 658 1400 686; x_wconf 89' lang='lat' dir='ltr'><strong>Deum</strong></span> <span class='ocrx_word' id='word_1_354' title='bbox 1419 657 1523 690; x_wconf 86' lang='lat' dir='ltr'><strong>dicens,</strong></span> <span class='ocrx_word' id='word_1_355' title='bbox 1535 657 1590 684; x_wconf 90' lang='lat' dir='ltr'><strong>ait:</strong></span> <span class='ocrx_word' id='word_1_356' title='bbox 1606 657 1687 692; x_wconf 78' lang='lat'><strong>708</strong></span> <span class='ocrx_word' id='word_1_357' title='bbox 1700 655 1736 684; x_wconf 80' lang='lat' dir='ltr'><strong>Te</strong></span> 
     </span>
    </p>
   </div>
   <div class='ocr_carea' id='block_1_44' title="bbox 951 704 1734 740">
    <p class='ocr_par' dir='ltr' id='par_1_44' title="bbox 951 704 1734 740">
     <span class='ocr_line' id='line_1_44' title="bbox 951 704 1734 740; baseline -0.005 -6"><span class='ocrx_word' id='word_1_358' title='bbox 951 707 1112 739; x_wconf 87' lang='lat' dir='ltr'><strong>adorabunt,</strong></span> <span class='ocrx_word' id='word_1_359' title='bbox 1129 714 1152 734; x_wconf 82' lang='lat' dir='ltr'><strong>et</strong></span> <span class='ocrx_word' id='word_1_360' title='bbox 1169 708 1197 734; x_wconf 81' lang='lat' dir='ltr'><strong>in</strong></span> <span class='ocrx_word' id='word_1_361' title='bbox 1215 711 1238 733; x_wconf 84' lang='lat' dir='ltr'><strong>te</strong></span> <span class='ocrx_word' id='word_1_362' title='bbox 1256 705 1452 740; x_wconf 76' lang='lat' dir='ltr'><strong>precabantur:</strong></span> <span class='ocrx_word' id='word_1_363' title='bbox 1468 704 1591 739; x_wconf 82' lang='lat' dir='ltr'><strong>quoniam</strong></span> <span class='ocrx_word' id='word_1_364' title='bbox 1609 704 1636 730; x_wconf 83' lang='lat' dir='ltr'><strong>in</strong></span> <span class='ocrx_word' id='word_1_365' title='bbox 1655 709 1678 730; x_wconf 88' lang='lat' dir='ltr'><strong>te</strong></span> <span class='ocrx_word' id='word_1_366' title='bbox 1695 706 1734 731; x_wconf 74' lang='lat' dir='ltr'><strong>est</strong></span> 
     </span>
    </p>
   </div>
   <div class='ocr_carea' id='block_1_45' title="bbox 950 748 1732 786">
    <p class='ocr_par' dir='ltr' id='par_1_45' title="bbox 950 748 1732 786">
     <span class='ocr_line' id='line_1_45' title="bbox 950 748 1732 786; baseline -0.006 -7"><span class='ocrx_word' id='word_1_367' title='bbox 950 752 1034 783; x_wconf 83' lang='lat' dir='ltr'><strong><em>Deus,</em></strong></span> <span class='ocrx_word' id='word_1_368' title='bbox 1058 757 1083 779; x_wconf 85' lang='lat' dir='ltr'><strong>et</strong></span> <span class='ocrx_word' id='word_1_369' title='bbox 1107 755 1203 786; x_wconf 72' lang='lat' dir='ltr'><strong>prceter</strong></span> <span class='ocrx_word' id='word_1_370' title='bbox 1219 755 1243 778; x_wconf 86' lang='lat' dir='ltr'><strong>te</strong></span> <span class='ocrx_word' id='word_1_371' title='bbox 1257 759 1309 777; x_wconf 85' lang='lat' dir='ltr'><strong>non</strong></span> <span class='ocrx_word' id='word_1_372' title='bbox 1324 754 1363 777; x_wconf 74' lang='lat' dir='ltr'><strong>est</strong></span> <span class='ocrx_word' id='word_1_373' title='bbox 1380 749 1461 777; x_wconf 74' lang='lat' dir='ltr'><strong>Deus.</strong></span> <span class='ocrx_word' id='word_1_374' title='bbox 1474 749 1513 776; x_wconf 89' lang='lat' dir='ltr'><strong>Tu</strong></span> <span class='ocrx_word' id='word_1_375' title='bbox 1529 749 1598 776; x_wconf 82' lang='lat' dir='ltr'><strong>enim</strong></span> <span class='ocrx_word' id='word_1_376' title='bbox 1612 756 1638 775; x_wconf 77' lang='lat' dir='ltr'><strong>es</strong></span> <span class='ocrx_word' id='word_1_377' title='bbox 1652 748 1732 779; x_wconf 74' lang='lat' dir='ltr'><strong>Deus,</strong></span> 
     </span>
    </p>
   </div>
   <div class='ocr_carea' id='block_1_46' title="bbox 949 793 1733 829">
    <p class='ocr_par' dir='ltr' id='par_1_46' title="bbox 949 793 1733 829">
     <span class='ocr_line' id='line_1_46' title="bbox 949 793 1733 829; baseline -0.008 -4"><span class='ocrx_word' id='word_1_378' title='bbox 949 803 972 825; x_wconf 85' lang='lat' dir='ltr'><strong>et</strong></span> <span class='ocrx_word' id='word_1_379' title='bbox 987 798 1153 829; x_wconf 75' lang='lat' dir='ltr'><strong>nescivimus,</strong></span> <span class='ocrx_word' id='word_1_380' title='bbox 1166 798 1235 823; x_wconf 72' lang='lat' dir='ltr'><strong>Deus</strong></span> <span class='ocrx_word' id='word_1_381' title='bbox 1248 795 1334 823; x_wconf 81' lang='lat' dir='ltr'><strong>Israel</strong></span> <span class='ocrx_word' id='word_1_382' title='bbox 1347 794 1480 822; x_wconf 78' lang='lat' dir='ltr'><strong>Saluator.</strong></span> <span class='ocrx_word' id='word_1_383' title='bbox 1495 793 1699 828; x_wconf 77' lang='lat' dir='ltr'><strong>Confundentur</strong></span> <span class='ocrx_word' id='word_1_384' title='bbox 1708 796 1733 820; x_wconf 83' lang='lat' dir='ltr'><strong>et</strong></span> 
     </span>
    </p>
   </div>
   <div class='ocr_carea' id='block_1_47' title="bbox 949 839 1733 876">
    <p class='ocr_par' dir='ltr' id='par_1_47' title="bbox 949 839 1733 876">
     <span class='ocr_line' id='line_1_47' title="bbox 949 839 1733 876; baseline -0.006 -6"><span class='ocrx_word' id='word_1_385' title='bbox 949 843 1100 873; x_wconf 73' lang='lat' dir='ltr'><strong>erubescant</strong></span> <span class='ocrx_word' id='word_1_386' title='bbox 1110 850 1200 869; x_wconf 80' lang='lat' dir='ltr'><strong>omnes</strong></span> <span class='ocrx_word' id='word_1_387' title='bbox 1211 842 1255 876; x_wconf 86' lang='lat' dir='ltr'><strong>qui</strong></span> <span class='ocrx_word' id='word_1_388' title='bbox 1269 840 1443 868; x_wconf 75' lang='lat' dir='ltr'><strong>adversantur</strong></span> <span class='ocrx_word' id='word_1_389' title='bbox 1456 840 1536 866; x_wconf 80' lang='lat' dir='ltr'><strong>illi&quot;.</strong></span> <span class='ocrx_word' id='word_1_390' title='bbox 1548 839 1733 866; x_wconf 84' lang='lat' dir='ltr'><strong>Adversantur</strong></span> 
     </span>
    </p>
   </div>
   <div class='ocr_carea' id='block_1_48' title="bbox 949 885 1733 924">
    <p class='ocr_par' dir='ltr' id='par_1_48' title="bbox 949 885 1733 924">
     <span class='ocr_line' id='line_1_48' title="bbox 949 885 1733 924; baseline -0.006 -7"><span class='ocrx_word' id='word_1_391' title='bbox 949 893 1038 917; x_wconf 85' lang='lat' dir='ltr'><strong>autem</strong></span> <span class='ocrx_word' id='word_1_392' title='bbox 1052 889 1088 916; x_wconf 92' lang='lat' dir='ltr'><strong>illi</strong></span> <span class='ocrx_word' id='word_1_393' title='bbox 1102 889 1148 924; x_wconf 85' lang='lat' dir='ltr'><strong>qui</strong></span> <span class='ocrx_word' id='word_1_394' title='bbox 1161 896 1215 916; x_wconf 93' lang='lat' dir='ltr'><strong>non</strong></span> <span class='ocrx_word' id='word_1_395' title='bbox 1228 888 1390 915; x_wconf 82' lang='lat' dir='ltr'><strong>conﬁtentur</strong></span> <span class='ocrx_word' id='word_1_396' title='bbox 1403 894 1465 914; x_wconf 89' lang='lat' dir='ltr'><strong>eum</strong></span> <span class='ocrx_word' id='word_1_397' title='bbox 1480 890 1507 912; x_wconf 84' lang='lat' dir='ltr'><strong>et</strong></span> <span class='ocrx_word' id='word_1_398' title='bbox 1518 885 1650 920; x_wconf 88' lang='lat' dir='ltr'><strong>Spiritum</strong></span> <span class='ocrx_word' id='word_1_399' title='bbox 1674 885 1733 921; x_wconf 76' lang='lat' dir='ltr'><strong>ejus</strong></span> 
     </span>
    </p>
   </div>
   <div class='ocr_carea' id='block_1_49' title="bbox 948 932 1731 971">
    <p class='ocr_par' dir='ltr' id='par_1_49' title="bbox 948 932 1731 971">
     <span class='ocr_line' id='line_1_49' title="bbox 948 932 1731 971; baseline -0.005 -7"><span class='ocrx_word' id='word_1_400' title='bbox 948 944 1008 964; x_wconf 88' lang='lat' dir='ltr'><strong>esse</strong></span> <span class='ocrx_word' id='word_1_401' title='bbox 1023 936 1143 971; x_wconf 85' lang='lat' dir='ltr'><strong>ejusdem</strong></span> <span class='ocrx_word' id='word_1_402' title='bbox 1155 935 1317 964; x_wconf 56' lang='lat' dir='ltr'><strong>substantia</strong></span> <span class='ocrx_word' id='word_1_403' title='bbox 1332 934 1412 969; x_wconf 85' lang='lat' dir='ltr'><strong>cujus</strong></span> <span class='ocrx_word' id='word_1_404' title='bbox 1425 937 1468 961; x_wconf 88' lang='lat' dir='ltr'><strong>est</strong></span> <span class='ocrx_word' id='word_1_405' title='bbox 1479 932 1569 965; x_wconf 84' lang='lat' dir='ltr'><strong>Pater,</strong></span> <span class='ocrx_word' id='word_1_406' title='bbox 1590 937 1618 960; x_wconf 87' lang='lat' dir='ltr'><strong>et</strong></span> <span class='ocrx_word' id='word_1_407' title='bbox 1634 938 1731 968; x_wconf 62' lang='lat' dir='ltr'><strong>praeter</strong></span> 
     </span>
    </p>
   </div>
   <div class='ocr_carea' id='block_1_50' title="bbox 948 978 1733 1013">
    <p class='ocr_par' dir='ltr' id='par_1_50' title="bbox 948 978 1733 1013">
     <span class='ocr_line' id='line_1_50' title="bbox 948 978 1733 1013; baseline -0.005 -4"><span class='ocrx_word' id='word_1_408' title='bbox 948 982 1023 1009; x_wconf 92' lang='lat' dir='ltr'><strong>illum</strong></span> <span class='ocrx_word' id='word_1_409' title='bbox 1043 990 1096 1009; x_wconf 92' lang='lat' dir='ltr'><strong>non</strong></span> <span class='ocrx_word' id='word_1_410' title='bbox 1115 988 1176 1008; x_wconf 85' lang='lat' dir='ltr'><strong>esse</strong></span> <span class='ocrx_word' id='word_1_411' title='bbox 1195 980 1292 1011; x_wconf 84' lang='lat' dir='ltr'><strong>Deum,</strong></span> <span class='ocrx_word' id='word_1_412' title='bbox 1316 986 1421 1006; x_wconf 78' lang='lat' dir='ltr'><strong>necnon</strong></span> <span class='ocrx_word' id='word_1_413' title='bbox 1441 978 1471 1011; x_wconf 91' lang='lat' dir='ltr'><strong>ii,</strong></span> <span class='ocrx_word' id='word_1_414' title='bbox 1486 986 1556 1013; x_wconf 85' lang='lat' dir='ltr'><strong>quos</strong></span> <span class='ocrx_word' id='word_1_415' title='bbox 1571 978 1652 1013; x_wconf 86' lang='lat' dir='ltr'><strong>pudet</strong></span> <span class='ocrx_word' id='word_1_416' title='bbox 1671 986 1733 1012; x_wconf 80' lang='lat' dir='ltr'><strong>pas-</strong></span> 
     </span>
    </p>
   </div>
   <div class='ocr_carea' id='block_1_51' title="bbox 947 1025 1732 1062">
    <p class='ocr_par' dir='ltr' id='par_1_51' title="bbox 947 1025 1732 1062">
     <span class='ocr_line' id='line_1_51' title="bbox 947 1025 1732 1062; baseline -0.004 -8"><span class='ocrx_word' id='word_1_417' title='bbox 947 1027 1034 1055; x_wconf 85' lang='lat' dir='ltr'><strong>sionis</strong></span> <span class='ocrx_word' id='word_1_418' title='bbox 1048 1031 1076 1055; x_wconf 88' lang='lat' dir='ltr'><strong>et</strong></span> <span class='ocrx_word' id='word_1_419' title='bbox 1092 1027 1191 1062; x_wconf 68' lang='lat' dir='ltr'><strong>inopia:</strong></span> <span class='ocrx_word' id='word_1_420' title='bbox 1205 1026 1275 1061; x_wconf 84' lang='lat' dir='ltr'><strong>ejus.</strong></span> <span class='ocrx_word' id='word_1_421' title='bbox 1296 1025 1381 1053; x_wconf 87' lang='lat' dir='ltr'><strong>Nemo</strong></span> <span class='ocrx_word' id='word_1_422' title='bbox 1400 1026 1473 1053; x_wconf 87' lang='lat' dir='ltr'><strong>enim</strong></span> <span class='ocrx_word' id='word_1_423' title='bbox 1489 1025 1573 1053; x_wconf 84' lang='lat' dir='ltr'><strong>Deum</strong></span> <span class='ocrx_word' id='word_1_424' title='bbox 1589 1032 1670 1052; x_wconf 85' lang='lat' dir='ltr'><strong>nosse</strong></span> <span class='ocrx_word' id='word_1_425' title='bbox 1684 1033 1732 1059; x_wconf 88' lang='lat' dir='ltr'><strong>po-</strong></span> 
     </span>
    </p>
   </div>
   <div class='ocr_carea' id='block_1_52' title="bbox 946 1071 1732 1113">
    <p class='ocr_par' dir='ltr' id='par_1_52' title="bbox 946 1071 1732 1113">
     <span class='ocr_line' id='line_1_52' title="bbox 946 1071 1732 1113; baseline -0.005 -12"><span class='ocrx_word' id='word_1_426' title='bbox 946 1078 1008 1106; x_wconf 83' lang='lat' dir='ltr'><strong>test,</strong></span> <span class='ocrx_word' id='word_1_427' title='bbox 1029 1074 1082 1103; x_wconf 89' lang='lat' dir='ltr'><strong>nisi</strong></span> <span class='ocrx_word' id='word_1_428' title='bbox 1103 1082 1165 1102; x_wconf 85' lang='lat' dir='ltr'><strong>eum</strong></span> <span class='ocrx_word' id='word_1_429' title='bbox 1181 1074 1228 1109; x_wconf 92' lang='lat' dir='ltr'><strong>qui</strong></span> <span class='ocrx_word' id='word_1_430' title='bbox 1243 1072 1391 1113; x_wconf 81' lang='lat' dir='ltr'><strong>cruciﬁxus</strong></span> <span class='ocrx_word' id='word_1_431' title='bbox 1409 1077 1461 1105; x_wconf 87' lang='lat' dir='ltr'><strong>est,</strong></span> <span class='ocrx_word' id='word_1_432' title='bbox 1478 1077 1505 1100; x_wconf 90' lang='lat' dir='ltr'><strong>et</strong></span> <span class='ocrx_word' id='word_1_433' title='bbox 1515 1079 1548 1099; x_wconf 81' lang='lat' dir='ltr'><strong>ex</strong></span> <span class='ocrx_word' id='word_1_434' title='bbox 1562 1071 1675 1099; x_wconf 86' lang='lat' dir='ltr'><strong>mortuis</strong></span> <span class='ocrx_word' id='word_1_435' title='bbox 1690 1079 1732 1098; x_wconf 76' lang='lat' dir='ltr'><strong>re—</strong></span> 
     </span>
    </p>
   </div>
   <div class='ocr_carea' id='block_1_53' title="bbox 945 1117 1727 1153">
    <p class='ocr_par' dir='ltr' id='par_1_53' title="bbox 945 1117 1727 1153">
     <span class='ocr_line' id='line_1_53' title="bbox 945 1117 1727 1153; baseline -0.008 -4"><span class='ocrx_word' id='word_1_436' title='bbox 945 1121 1073 1153; x_wconf 78' lang='lat' dir='ltr'><strong>surrexit,</strong></span> <span class='ocrx_word' id='word_1_437' title='bbox 1086 1129 1148 1148; x_wconf 91' lang='lat' dir='ltr'><strong>cum</strong></span> <span class='ocrx_word' id='word_1_438' title='bbox 1162 1123 1257 1148; x_wconf 88' lang='lat' dir='ltr'><strong>sancto</strong></span> <span class='ocrx_word' id='word_1_439' title='bbox 1276 1119 1381 1147; x_wconf 90' lang='lat' dir='ltr'><strong>Thoma</strong></span> <span class='ocrx_word' id='word_1_440' title='bbox 1403 1118 1549 1146; x_wconf 91' lang='lat' dir='ltr'><strong>Dominum</strong></span> <span class='ocrx_word' id='word_1_441' title='bbox 1566 1117 1650 1144; x_wconf 83' lang='lat' dir='ltr'><strong>Deum</strong></span> <span class='ocrx_word' id='word_1_442' title='bbox 1663 1125 1727 1145; x_wconf 82' lang='lat' dir='ltr'><strong>con-</strong></span> 
     </span>
    </p>
   </div>
   <div class='ocr_carea' id='block_1_54' title="bbox 945 1163 1730 1202">
    <p class='ocr_par' dir='ltr' id='par_1_54' title="bbox 945 1163 1730 1202">
     <span class='ocr_line' id='line_1_54' title="bbox 945 1163 1730 1202; baseline -0.008 -7"><span class='ocrx_word' id='word_1_443' title='bbox 945 1167 1052 1195; x_wconf 80' lang='lat' dir='ltr'><strong>ﬁteatur</strong></span> <span class='ocrx_word' id='word_1_444' title='bbox 1063 1168 1096 1199; x_wconf 80' lang='grc'><strong>³⁸,</strong></span> <span class='ocrx_word' id='word_1_445' title='bbox 1111 1167 1158 1202; x_wconf 90' lang='lat' dir='ltr'><strong>qui</strong></span> <span class='ocrx_word' id='word_1_446' title='bbox 1173 1166 1239 1194; x_wconf 87' lang='lat' dir='ltr'><strong>dicit</strong></span> <span class='ocrx_word' id='word_1_447' title='bbox 1258 1165 1402 1200; x_wconf 86' lang='lat' dir='ltr'><strong>discipulis</strong></span> <span class='ocrx_word' id='word_1_448' title='bbox 1416 1164 1475 1192; x_wconf 84' lang='lat' dir='ltr'><strong>suis</strong></span> <span class='ocrx_word' id='word_1_449' title='bbox 1489 1173 1496 1191; x_wconf 88' lang='lat'>:</span> <span class='ocrx_word' id='word_1_450' title='bbox 1509 1163 1539 1191; x_wconf 86' lang='lat' dir='ltr'><strong>Si</strong></span> <span class='ocrx_word' id='word_1_451' title='bbox 1554 1164 1623 1190; x_wconf 82' lang='lat' dir='ltr'><strong>enim</strong></span> <span class='ocrx_word' id='word_1_452' title='bbox 1635 1171 1730 1198; x_wconf 78' lang='lat' dir='ltr'><strong>cogno-</strong></span> 
     </span>
    </p>
   </div>
   <div class='ocr_carea' id='block_1_55' title="bbox 944 1209 1730 1246">
    <p class='ocr_par' dir='ltr' id='par_1_55' title="bbox 944 1209 1730 1246">
     <span class='ocr_line' id='line_1_55' title="bbox 944 1209 1730 1246; baseline -0.008 -5"><span class='ocrx_word' id='word_1_453' title='bbox 944 1214 1044 1241; x_wconf 76' lang='lat' dir='ltr'><strong>vissetis</strong></span> <span class='ocrx_word' id='word_1_454' title='bbox 1061 1221 1111 1246; x_wconf 88' lang='lat' dir='ltr'><strong>me,</strong></span> <span class='ocrx_word' id='word_1_455' title='bbox 1124 1217 1149 1240; x_wconf 78' lang='lat' dir='ltr'><strong>et</strong></span> <span class='ocrx_word' id='word_1_456' title='bbox 1168 1212 1277 1240; x_wconf 87' lang='lat' dir='ltr'><strong>Patrem</strong></span> <span class='ocrx_word' id='word_1_457' title='bbox 1293 1219 1379 1239; x_wconf 86' lang='lat' dir='ltr'><strong>meum</strong></span> <span class='ocrx_word' id='word_1_458' title='bbox 1397 1211 1487 1245; x_wconf 79' lang='lat' dir='ltr'><strong>utique</strong></span> <span class='ocrx_word' id='word_1_459' title='bbox 1501 1209 1693 1245; x_wconf 72' lang='lat' dir='ltr'><strong>cognouissetis,</strong></span> <span class='ocrx_word' id='word_1_460' title='bbox 1705 1213 1730 1235; x_wconf 81' lang='lat' dir='ltr'><strong>et</strong></span> 
     </span>
    </p>
   </div>
   <div class='ocr_carea' id='block_1_56' title="bbox 943 1255 1730 1294">
    <p class='ocr_par' dir='ltr' id='par_1_56' title="bbox 943 1255 1730 1294">
     <span class='ocr_line' id='line_1_56' title="bbox 943 1255 1730 1294; baseline -0.008 -7"><span class='ocrx_word' id='word_1_461' title='bbox 943 1260 1037 1287; x_wconf 80' lang='lat' dir='ltr'><strong>antodo</strong></span> <span class='ocrx_word' id='word_1_462' title='bbox 1053 1260 1209 1294; x_wconf 75' lang='lat' dir='ltr'><strong>cognoscitis</strong></span> <span class='ocrx_word' id='word_1_463' title='bbox 1219 1267 1289 1290; x_wconf 85' lang='lat' dir='ltr'><strong>eum,</strong></span> <span class='ocrx_word' id='word_1_464' title='bbox 1305 1262 1331 1285; x_wconf 81' lang='lat' dir='ltr'><strong>et</strong></span> <span class='ocrx_word' id='word_1_465' title='bbox 1345 1257 1449 1285; x_wconf 70' lang='lat' dir='ltr'><strong>uidistis</strong></span> <span class='ocrx_word' id='word_1_466' title='bbox 1464 1265 1533 1284; x_wconf 85' lang='lat' dir='ltr'><strong>eum.</strong></span> <span class='ocrx_word' id='word_1_467' title='bbox 1546 1255 1618 1282; x_wconf 82' lang='lat' dir='ltr'><strong>Dicit</strong></span> <span class='ocrx_word' id='word_1_468' title='bbox 1630 1256 1654 1282; x_wconf 75' lang='lat' dir='ltr'><strong>ri</strong></span> <span class='ocrx_word' id='word_1_469' title='bbox 1666 1255 1730 1281; x_wconf 84' lang='lat' dir='ltr'><strong>Phi-</strong></span> 
     </span>
    </p>
   </div>
   <div class='ocr_carea' id='block_1_57' title="bbox 942 1302 1728 1341">
    <p class='ocr_par' dir='ltr' id='par_1_57' title="bbox 942 1302 1728 1341">
     <span class='ocr_line' id='line_1_57' title="bbox 942 1302 1728 1341; baseline -0.006 -8"><span class='ocrx_word' id='word_1_470' title='bbox 942 1307 1027 1341; x_wconf 79' lang='lat' dir='ltr'><strong>lippus</strong></span> <span class='ocrx_word' id='word_1_471' title='bbox 1038 1314 1048 1333; x_wconf 90' lang='lat'><em>:</em></span> <span class='ocrx_word' id='word_1_472' title='bbox 1058 1305 1178 1338; x_wconf 82' lang='lat' dir='ltr'><strong>Domine,</strong></span> <span class='ocrx_word' id='word_1_473' title='bbox 1192 1305 1299 1332; x_wconf 74' lang='lat' dir='ltr'><strong>ostende</strong></span> <span class='ocrx_word' id='word_1_474' title='bbox 1312 1303 1384 1332; x_wconf 77' lang='lat' dir='ltr'><strong>nobis</strong></span> <span class='ocrx_word' id='word_1_475' title='bbox 1400 1303 1519 1334; x_wconf 77' lang='lat' dir='ltr'><strong>Patrem,</strong></span> <span class='ocrx_word' id='word_1_476' title='bbox 1531 1307 1556 1329; x_wconf 86' lang='lat' dir='ltr'><strong>et</strong></span> <span class='ocrx_word' id='word_1_477' title='bbox 1570 1302 1664 1337; x_wconf 74' lang='lat' dir='ltr'><strong>sufﬁcit</strong></span> <span class='ocrx_word' id='word_1_478' title='bbox 1679 1310 1728 1328; x_wconf 82' lang='lat' dir='ltr'><strong>no-</strong></span> 
     </span>
    </p>
   </div>
   <div class='ocr_carea' id='block_1_58' title="bbox 942 1349 1727 1384">
    <p class='ocr_par' dir='ltr' id='par_1_58' title="bbox 942 1349 1727 1384">
     <span class='ocr_line' id='line_1_58' title="bbox 942 1349 1727 1384; baseline -0.006 -5"><span class='ocrx_word' id='word_1_479' title='bbox 942 1353 991 1380; x_wconf 78' lang='lat' dir='ltr'><strong>bis.</strong></span> <span class='ocrx_word' id='word_1_480' title='bbox 1008 1352 1078 1379; x_wconf 84' lang='lat' dir='ltr'><strong>Dicit</strong></span> <span class='ocrx_word' id='word_1_481' title='bbox 1091 1352 1115 1379; x_wconf 88' lang='lat' dir='ltr'><strong>ei</strong></span> <span class='ocrx_word' id='word_1_482' title='bbox 1125 1351 1202 1379; x_wconf 76' lang='lat' dir='ltr'><strong>Iesus</strong></span> <span class='ocrx_word' id='word_1_483' title='bbox 1216 1359 1225 1378; x_wconf 92' lang='lat'><strong><em>:</em></strong></span> <span class='ocrx_word' id='word_1_484' title='bbox 1243 1351 1329 1379; x_wconf 86' lang='lat' dir='ltr'><strong>Tanto</strong></span> <span class='ocrx_word' id='word_1_485' title='bbox 1346 1354 1459 1384; x_wconf 81' lang='lat' dir='ltr'><strong>tempore</strong></span> <span class='ocrx_word' id='word_1_486' title='bbox 1473 1349 1607 1376; x_wconf 78' lang='lat' dir='ltr'><strong>vobiscum</strong></span> <span class='ocrx_word' id='word_1_487' title='bbox 1617 1357 1686 1380; x_wconf 81' lang='lat' dir='ltr'><strong>sum,</strong></span> <span class='ocrx_word' id='word_1_488' title='bbox 1703 1353 1727 1374; x_wconf 80' lang='lat' dir='ltr'><strong>et</strong></span> 
     </span>
    </p>
   </div>
   <div class='ocr_carea' id='block_1_59' title="bbox 941 1395 1727 1433">
    <p class='ocr_par' dir='ltr' id='par_1_59' title="bbox 941 1395 1727 1433">
     <span class='ocr_line' id='line_1_59' title="bbox 941 1395 1727 1433; baseline -0.006 -8"><span class='ocrx_word' id='word_1_489' title='bbox 941 1407 992 1425; x_wconf 75' lang='lat' dir='ltr'><strong>nun</strong></span> <span class='ocrx_word' id='word_1_490' title='bbox 1016 1398 1158 1433; x_wconf 77' lang='lat' dir='ltr'><strong>cognovisti</strong></span> <span class='ocrx_word' id='word_1_491' title='bbox 1178 1406 1218 1424; x_wconf 90' lang='lat' dir='ltr'><strong>me</strong></span> <span class='ocrx_word' id='word_1_492' title='bbox 1229 1398 1242 1425; x_wconf 79' lang='lat'><strong><em>?</em></strong></span> <span class='ocrx_word' id='word_1_493' title='bbox 1261 1396 1393 1431; x_wconf 79' lang='lat' dir='ltr'><strong>Philippe,</strong></span> <span class='ocrx_word' id='word_1_494' title='bbox 1410 1396 1455 1431; x_wconf 87' lang='lat' dir='ltr'><strong>qui</strong></span> <span class='ocrx_word' id='word_1_495' title='bbox 1466 1395 1531 1422; x_wconf 81' lang='lat' dir='ltr'><strong>uidit</strong></span> <span class='ocrx_word' id='word_1_496' title='bbox 1553 1403 1604 1426; x_wconf 78' lang='lat' dir='ltr'><strong>me.</strong></span> <span class='ocrx_word' id='word_1_497' title='bbox 1620 1395 1685 1422; x_wconf 81' lang='lat' dir='ltr'><strong>vidit</strong></span> <span class='ocrx_word' id='word_1_498' title='bbox 1702 1400 1727 1421; x_wconf 86' lang='lat' dir='ltr'><strong>ct</strong></span> 
     </span>
    </p>
   </div>
   <div class='ocr_carea' id='block_1_60' title="bbox 941 1439 1726 1478">
    <p class='ocr_par' dir='ltr' id='par_1_60' title="bbox 941 1439 1726 1478">
     <span class='ocr_line' id='line_1_60' title="bbox 941 1439 1726 1478; baseline -0.004 -8"><span class='ocrx_word' id='word_1_499' title='bbox 941 1443 1047 1470; x_wconf 81' lang='lat' dir='ltr'><strong>Patrem</strong></span> <span class='ocrx_word' id='word_1_500' title='bbox 1060 1451 1156 1470; x_wconf 88' lang='lat' dir='ltr'><strong>meum.</strong></span> <span class='ocrx_word' id='word_1_501' title='bbox 1175 1443 1208 1470; x_wconf 82' lang='lat' dir='ltr'><strong>Et</strong></span> <span class='ocrx_word' id='word_1_502' title='bbox 1225 1442 1354 1478; x_wconf 84' lang='lat' dir='ltr'><strong>quomoda</strong></span> <span class='ocrx_word' id='word_1_503' title='bbox 1373 1448 1401 1470; x_wconf 88' lang='lat' dir='ltr'><strong>tu</strong></span> <span class='ocrx_word' id='word_1_504' title='bbox 1420 1441 1507 1468; x_wconf 81' lang='lat' dir='ltr'><strong>dicis:</strong></span> <span class='ocrx_word' id='word_1_505' title='bbox 1527 1440 1639 1468; x_wconf 80' lang='lat' dir='ltr'><strong>Ostende</strong></span> <span class='ocrx_word' id='word_1_506' title='bbox 1653 1439 1726 1467; x_wconf 69' lang='lat' dir='ltr'><strong>nobis</strong></span> 
     </span>
    </p>
   </div>
   <div class='ocr_carea' id='block_1_61' title="bbox 941 1486 1727 1523">
    <p class='ocr_par' dir='ltr' id='par_1_61' title="bbox 941 1486 1727 1523">
     <span class='ocr_line' id='line_1_61' title="bbox 941 1486 1727 1523; baseline -0.005 -7"><span class='ocrx_word' id='word_1_507' title='bbox 941 1489 1068 1517; x_wconf 81' lang='lat' dir='ltr'><strong>Patrem?</strong></span> <span class='ocrx_word' id='word_1_508' title='bbox 1085 1489 1147 1516; x_wconf 83' lang='lat' dir='ltr'><strong>Non</strong></span> <span class='ocrx_word' id='word_1_509' title='bbox 1167 1489 1252 1516; x_wconf 77' lang='lat' dir='ltr'><strong>credis</strong></span> <span class='ocrx_word' id='word_1_510' title='bbox 1269 1489 1332 1523; x_wconf 85' lang='lat' dir='ltr'><strong>quia</strong></span> <span class='ocrx_word' id='word_1_511' title='bbox 1345 1497 1391 1523; x_wconf 79' lang='lat' dir='ltr'><strong>ego</strong></span> <span class='ocrx_word' id='word_1_512' title='bbox 1409 1489 1437 1515; x_wconf 83' lang='lat' dir='ltr'><strong>in</strong></span> <span class='ocrx_word' id='word_1_513' title='bbox 1456 1487 1547 1518; x_wconf 86' lang='lat' dir='ltr'><strong>Patre,</strong></span> <span class='ocrx_word' id='word_1_514' title='bbox 1559 1491 1583 1514; x_wconf 90' lang='lat' dir='ltr'><strong>et</strong></span> <span class='ocrx_word' id='word_1_515' title='bbox 1598 1486 1681 1513; x_wconf 84' lang='lat' dir='ltr'><strong>Pater</strong></span> <span class='ocrx_word' id='word_1_516' title='bbox 1697 1486 1727 1513; x_wconf 86' lang='lat' dir='ltr'><strong>in</strong></span> 
     </span>
    </p>
   </div>
   <div class='ocr_carea' id='block_1_62' title="bbox 106 1532 893 1572">
    <p class='ocr_par' dir='ltr' id='par_1_62' title="bbox 106 1532 891 1568">
     <span class='ocr_line' id='line_1_62' title="bbox 106 1532 891 1568; baseline -0.003 -7"><span class='ocrx_word' id='word_1_517' title='bbox 106 1532 176 1567; x_wconf 75' lang='grc' dir='ltr'><strong>τέρα</strong></span> <span class='ocrx_word' id='word_1_518' title='bbox 188 1541 247 1567; x_wconf 80' lang='grc' dir='ltr'><strong>μου</strong></span> <span class='ocrx_word' id='word_1_519' title='bbox 275 1532 427 1568; x_wconf 74' lang='grc' dir='ltr'>ἐγνώκειτε</span> <span class='ocrx_word' id='word_1_520' title='bbox 453 1532 501 1565; x_wconf 82' lang='grc' dir='ltr'><strong>ἂν,</strong></span> <span class='ocrx_word' id='word_1_521' title='bbox 527 1533 576 1559; x_wconf 74' lang='grc' dir='ltr'>καὶ</span> <span class='ocrx_word' id='word_1_522' title='bbox 605 1532 712 1567; x_wconf 79' lang='grc' dir='ltr'><strong>ἀπάρτι</strong></span> <span class='ocrx_word' id='word_1_523' title='bbox 733 1533 891 1567; x_wconf 80' lang='grc' dir='ltr'><strong>γινώσκετε</strong></span> 
     </span>
    </p>
   </div>
   <div class='ocr_carea' id='block_1_63' title="bbox 947 1532 1723 1572">
    <p class='ocr_par' dir='ltr' id='par_1_63' title="bbox 947 1532 1723 1568">
     <span class='ocr_line' id='line_1_63' title="bbox 947 1532 1723 1568; baseline -0.005 -6"><span class='ocrx_word' id='word_1_524' title='bbox 947 1543 982 1562; x_wconf 82' lang='lat' dir='ltr'><strong>me</strong></span> <span class='ocrx_word' id='word_1_525' title='bbox 993 1535 1051 1562; x_wconf 75' lang='lat' dir='ltr'><strong>est?</strong></span> <span class='ocrx_word' id='word_1_526' title='bbox 1066 1534 1150 1561; x_wconf 84' lang='lat' dir='ltr'><strong>Verba</strong></span> <span class='ocrx_word' id='word_1_527' title='bbox 1165 1542 1225 1568; x_wconf 70' lang='lat' dir='ltr'><strong>qut:</strong></span> <span class='ocrx_word' id='word_1_528' title='bbox 1238 1542 1285 1568; x_wconf 90' lang='lat' dir='ltr'><strong>ego</strong></span> <span class='ocrx_word' id='word_1_529' title='bbox 1304 1533 1408 1568; x_wconf 83' lang='lat' dir='ltr'><strong>loquor,</strong></span> <span class='ocrx_word' id='word_1_530' title='bbox 1421 1541 1437 1559; x_wconf 89' lang='lat' dir='ltr'><strong>a</strong></span> <span class='ocrx_word' id='word_1_531' title='bbox 1452 1533 1550 1567; x_wconf 75' lang='lat' dir='ltr'><strong>meipso</strong></span> <span class='ocrx_word' id='word_1_532' title='bbox 1561 1540 1611 1559; x_wconf 85' lang='lat' dir='ltr'><strong>non</strong></span> <span class='ocrx_word' id='word_1_533' title='bbox 1622 1532 1723 1566; x_wconf 85' lang='lat' dir='ltr'><strong>loquor.</strong></span> 
     </span>
    </p>
   </div>
   <div class='ocr_carea' id='block_1_64' title="bbox 105 1578 889 1613">
    <p class='ocr_par' dir='ltr' id='par_1_64' title="bbox 105 1578 889 1613">
     <span class='ocr_line' id='line_1_64' title="bbox 105 1578 889 1613; baseline -0.004 -6"><span class='ocrx_word' id='word_1_534' title='bbox 105 1578 209 1610; x_wconf 75' lang='grc' dir='ltr'><strong>αὑτὸν,</strong></span> <span class='ocrx_word' id='word_1_535' title='bbox 224 1578 274 1606; x_wconf 74' lang='grc' dir='ltr'>καὶ</span> <span class='ocrx_word' id='word_1_536' title='bbox 285 1578 431 1613; x_wconf 77' lang='grc' dir='ltr'><strong>ἑωράκατε</strong></span> <span class='ocrx_word' id='word_1_537' title='bbox 451 1578 554 1606; x_wconf 83' lang='grc' dir='ltr'><strong>αὐτόν.</strong></span> <span class='ocrx_word' id='word_1_538' title='bbox 570 1578 655 1613; x_wconf 76' lang='grc' dir='ltr'>Λέγει</span> <span class='ocrx_word' id='word_1_539' title='bbox 681 1578 761 1611; x_wconf 84' lang='grc' dir='ltr'><strong>αὐτῷ</strong></span> <span class='ocrx_word' id='word_1_540' title='bbox 786 1579 889 1605; x_wconf 75' lang='grc' dir='ltr'><em>Φίλιπ-</em></span> 
     </span>
    </p>
   </div>
   <div class='ocr_carea' id='block_1_65' title="bbox 105 1623 892 1659">
    <p class='ocr_par' dir='ltr' id='par_1_65' title="bbox 105 1623 892 1659">
     <span class='ocr_line' id='line_1_65' title="bbox 105 1623 892 1659; baseline -0.001 -7"><span class='ocrx_word' id='word_1_541' title='bbox 105 1632 171 1658; x_wconf 77' lang='grc' dir='ltr'><strong>πος·</strong></span> <span class='ocrx_word' id='word_1_542' title='bbox 193 1626 290 1658; x_wconf 80' lang='grc' dir='ltr'><strong>Κύριε,</strong></span> <span class='ocrx_word' id='word_1_543' title='bbox 307 1624 408 1657; x_wconf 79' lang='grc' dir='ltr'><strong>δεῖξον</strong></span> <span class='ocrx_word' id='word_1_544' title='bbox 422 1623 494 1659; x_wconf 73' lang='grc' dir='ltr'><strong>ἡμῖν</strong></span> <span class='ocrx_word' id='word_1_545' title='bbox 520 1624 574 1651; x_wconf 84' lang='grc' dir='ltr'><strong>τὸν</strong></span> <span class='ocrx_word' id='word_1_546' title='bbox 597 1624 723 1658; x_wconf 79' lang='grc' dir='ltr'><strong>Πατέρα,</strong></span> <span class='ocrx_word' id='word_1_547' title='bbox 741 1624 791 1652; x_wconf 77' lang='grc' dir='ltr'><strong>καὶ</strong></span> <span class='ocrx_word' id='word_1_548' title='bbox 805 1624 892 1659; x_wconf 76' lang='grc' dir='ltr'>ἀρκεῖ</span> 
     </span>
    </p>
   </div>
   <div class='ocr_carea' id='block_1_66' title="bbox 104 1670 889 1706">
    <p class='ocr_par' dir='ltr' id='par_1_66' title="bbox 104 1670 889 1706">
     <span class='ocr_line' id='line_1_66' title="bbox 104 1670 889 1706; baseline 0 -9"><span class='ocrx_word' id='word_1_549' title='bbox 104 1670 186 1705; x_wconf 75' lang='grc' dir='ltr'><strong>ἡμῖν.</strong></span> <span class='ocrx_word' id='word_1_550' title='bbox 206 1671 291 1706; x_wconf 78' lang='grc' dir='ltr'>Λέγει</span> <span class='ocrx_word' id='word_1_551' title='bbox 312 1670 392 1704; x_wconf 86' lang='grc' dir='ltr'><strong>αὐτῷ</strong></span> <span class='ocrx_word' id='word_1_552' title='bbox 416 1673 432 1698; x_wconf 89' lang='grc' dir='ltr'><strong><em>ό</em></strong></span> <span class='ocrx_word' id='word_1_553' title='bbox 454 1670 579 1705; x_wconf 75' lang='grc' dir='ltr'><strong>Ἰησοῦς·</strong></span> <span class='ocrx_word' id='word_1_554' title='bbox 612 1671 759 1698; x_wconf 82' lang='grc' dir='ltr'><strong>Τοσοῦτον</strong></span> <span class='ocrx_word' id='word_1_555' title='bbox 779 1671 889 1705; x_wconf 72' lang='grc' dir='ltr'><strong>χρόνον</strong></span> 
     </span>
    </p>
   </div>
   <div class='ocr_carea' id='block_1_67' title="bbox 101 1715 887 1753">
    <p class='ocr_par' dir='ltr' id='par_1_67' title="bbox 101 1715 887 1753">
     <span class='ocr_line' id='line_1_67' title="bbox 101 1715 887 1753; baseline -0.003 -9"><span class='ocrx_word' id='word_1_556' title='bbox 101 1718 165 1752; x_wconf 83' lang='grc' dir='ltr'><strong>μεθ’</strong></span> <span class='ocrx_word' id='word_1_557' title='bbox 181 1716 264 1753; x_wconf 81' lang='grc' dir='ltr'><strong>ὑμῶν</strong></span> <span class='ocrx_word' id='word_1_558' title='bbox 273 1718 341 1752; x_wconf 78' lang='grc' dir='ltr'><strong>ειμι,</strong></span> <span class='ocrx_word' id='word_1_559' title='bbox 357 1717 406 1744; x_wconf 74' lang='grc' dir='ltr'>καὶ</span> <span class='ocrx_word' id='word_1_560' title='bbox 427 1717 483 1744; x_wconf 81' lang='grc' dir='ltr'>οὐκ</span> <span class='ocrx_word' id='word_1_561' title='bbox 513 1715 645 1751; x_wconf 70' lang='grc' dir='ltr'><strong>ἔγνωκάς</strong></span> <span class='ocrx_word' id='word_1_562' title='bbox 668 1724 724 1751; x_wconf 69' lang='lat' dir='ltr'><strong>pe;</strong></span> <span class='ocrx_word' id='word_1_563' title='bbox 748 1717 887 1746; x_wconf 80' lang='grc' dir='ltr'><strong>Φίλιππε,</strong></span> 
     </span>
    </p>
   </div>
   <div class='ocr_carea' id='block_1_68' title="bbox 106 1761 888 1798">
    <p class='ocr_par' dir='ltr' id='par_1_68' title="bbox 106 1761 888 1798">
     <span class='ocr_line' id='line_1_68' title="bbox 106 1761 888 1798; baseline 0 -9"><span class='ocrx_word' id='word_1_564' title='bbox 106 1765 123 1790; x_wconf 85' lang='grc' dir='ltr'><em>ό</em></span> <span class='ocrx_word' id='word_1_565' title='bbox 156 1763 293 1797; x_wconf 77' lang='grc' dir='ltr'>ἑωρακὼς</span> <span class='ocrx_word' id='word_1_566' title='bbox 314 1762 366 1798; x_wconf 79' lang='grc' dir='ltr'><strong>ἐμὲ</strong></span> <span class='ocrx_word' id='word_1_567' title='bbox 390 1762 501 1797; x_wconf 80' lang='grc' dir='ltr'>ἑώρακε</span> <span class='ocrx_word' id='word_1_568' title='bbox 526 1762 580 1789; x_wconf 82' lang='grc' dir='ltr'><strong>τὸν</strong></span> <span class='ocrx_word' id='word_1_569' title='bbox 606 1761 722 1796; x_wconf 84' lang='grc' dir='ltr'><strong>Πατέρα</strong></span> <span class='ocrx_word' id='word_1_570' title='bbox 743 1771 812 1797; x_wconf 87' lang='grc' dir='ltr'><strong>μου.</strong></span> <span class='ocrx_word' id='word_1_571' title='bbox 833 1763 888 1789; x_wconf 75' lang='lat' dir='ltr'><strong>Kal</strong></span> 
     </span>
    </p>
   </div>
   <div class='ocr_carea' id='block_1_69' title="bbox 103 1807 888 1843">
    <p class='ocr_par' dir='ltr' id='par_1_69' title="bbox 103 1807 888 1843">
     <span class='ocr_line' id='line_1_69' title="bbox 103 1807 888 1843; baseline 0 -8"><span class='ocrx_word' id='word_1_572' title='bbox 103 1808 166 1841; x_wconf 68' lang='grc' dir='ltr'><strong>πῶς</strong></span> <span class='ocrx_word' id='word_1_573' title='bbox 182 1809 223 1836; x_wconf 85' lang='grc' dir='ltr'><em>σὺ</em></span> <span class='ocrx_word' id='word_1_574' title='bbox 251 1808 359 1843; x_wconf 74' lang='grc' dir='ltr'><strong>λέγεις·</strong></span> <span class='ocrx_word' id='word_1_575' title='bbox 391 1807 495 1841; x_wconf 79' lang='grc' dir='ltr'><strong>Δεῖξον</strong></span> <span class='ocrx_word' id='word_1_576' title='bbox 519 1807 591 1842; x_wconf 70' lang='grc' dir='ltr'><strong>ἡμῖν</strong></span> <span class='ocrx_word' id='word_1_577' title='bbox 616 1807 669 1834; x_wconf 85' lang='grc' dir='ltr'><strong>τὸν</strong></span> <span class='ocrx_word' id='word_1_578' title='bbox 693 1807 827 1842; x_wconf 81' lang='grc' dir='ltr'>Πατέρα;</span> <span class='ocrx_word' id='word_1_579' title='bbox 847 1809 888 1835; x_wconf 89' lang='grc' dir='ltr'><strong>Οὺ</strong></span> 
     </span>
    </p>
   </div>
   <div class='ocr_carea' id='block_1_70' title="bbox 103 1852 888 1892">
    <p class='ocr_par' dir='ltr' id='par_1_70' title="bbox 103 1852 888 1892">
     <span class='ocr_line' id='line_1_70' title="bbox 103 1852 888 1892; baseline 0 -12"><span class='ocrx_word' id='word_1_580' title='bbox 103 1854 264 1887; x_wconf 77' lang='grc' dir='ltr'><strong>πιστεύεις,</strong></span> <span class='ocrx_word' id='word_1_581' title='bbox 284 1854 330 1881; x_wconf 83' lang='grc' dir='ltr'><strong>ὅτι</strong></span> <span class='ocrx_word' id='word_1_582' title='bbox 341 1854 398 1889; x_wconf 80' lang='grc' dir='ltr'><strong>ἐγὼ</strong></span> <span class='ocrx_word' id='word_1_583' title='bbox 410 1854 445 1880; x_wconf 82' lang='grc' dir='ltr'><strong>ἐν</strong></span> <span class='ocrx_word' id='word_1_584' title='bbox 463 1852 503 1886; x_wconf 82' lang='grc' dir='ltr'><strong>τῷ</strong></span> <span class='ocrx_word' id='word_1_585' title='bbox 528 1853 630 1887; x_wconf 77' lang='grc' dir='ltr'>Πατρὶ,</span> <span class='ocrx_word' id='word_1_586' title='bbox 646 1853 696 1881; x_wconf 77' lang='grc' dir='ltr'><strong>καὶ</strong></span> <span class='ocrx_word' id='word_1_587' title='bbox 708 1855 724 1880; x_wconf 89' lang='grc' dir='ltr'><em>ό</em></span> <span class='ocrx_word' id='word_1_588' title='bbox 738 1854 840 1892; x_wconf 74' lang='grc' dir='ltr'>Πατὴρ</span> <span class='ocrx_word' id='word_1_589' title='bbox 854 1855 888 1881; x_wconf 82' lang='grc' dir='ltr'><strong>ἐν</strong></span> 
     </span>
    </p>
   </div>
   <div class='ocr_carea' id='block_1_71' title="bbox 101 1899 888 1936">
    <p class='ocr_par' dir='ltr' id='par_1_71' title="bbox 101 1899 888 1936">
     <span class='ocr_line' id='line_1_71' title="bbox 101 1899 888 1936; baseline 0.001 -9"><span class='ocrx_word' id='word_1_590' title='bbox 101 1901 167 1935; x_wconf 74' lang='grc' dir='ltr'><strong>ἐμοὶ</strong></span> <span class='ocrx_word' id='word_1_591' title='bbox 185 1901 251 1928; x_wconf 82' lang='grc' dir='ltr'><em>ἐστι</em></span> <span class='ocrx_word' id='word_1_592' title='bbox 275 1900 347 1936; x_wconf 85' lang='grc'>(66);</span> <span class='ocrx_word' id='word_1_593' title='bbox 380 1900 418 1927; x_wconf 84' lang='grc' dir='ltr'><em>Τὰ</em></span> <span class='ocrx_word' id='word_1_594' title='bbox 436 1899 556 1934; x_wconf 77' lang='grc' dir='ltr'>ῥήματα</span> <span class='ocrx_word' id='word_1_595' title='bbox 579 1899 599 1926; x_wconf 79' lang='grc' dir='ltr'><strong><em>ἂ</em></strong></span> <span class='ocrx_word' id='word_1_596' title='bbox 624 1900 682 1935; x_wconf 63' lang='grc' dir='ltr'><strong>ἐγὼ</strong></span> <span class='ocrx_word' id='word_1_597' title='bbox 707 1900 800 1932; x_wconf 71' lang='grc' dir='ltr'>λαλῶ,</span> <span class='ocrx_word' id='word_1_598' title='bbox 831 1901 888 1928; x_wconf 79' lang='grc' dir='ltr'><strong>οὐκ</strong></span> 
     </span>
    </p>
   </div>
   <div class='ocr_carea' id='block_1_72' title="bbox 102 1945 886 1981">
    <p class='ocr_par' dir='ltr' id='par_1_72' title="bbox 102 1945 886 1981">
     <span class='ocr_line' id='line_1_72' title="bbox 102 1945 886 1981; baseline 0.001 -8"><span class='ocrx_word' id='word_1_599' title='bbox 102 1946 152 1974; x_wconf 77' lang='grc' dir='ltr'><strong>ἀπ’</strong></span> <span class='ocrx_word' id='word_1_600' title='bbox 174 1947 302 1981; x_wconf 79' lang='grc' dir='ltr'><strong>ἐμαυτοῦ</strong></span> <span class='ocrx_word' id='word_1_601' title='bbox 325 1945 419 1973; x_wconf 72' lang='grc' dir='ltr'>λαλῶ.</span> <span class='ocrx_word' id='word_1_602' title='bbox 445 1946 476 1973; x_wconf 90' lang='lat'><strong>&#39;0</strong></span> <span class='ocrx_word' id='word_1_603' title='bbox 497 1945 531 1972; x_wconf 80' lang='grc' dir='ltr'><strong>δὲ</strong></span> <span class='ocrx_word' id='word_1_604' title='bbox 554 1945 655 1979; x_wconf 81' lang='grc' dir='ltr'>Πατήρ</span> <span class='ocrx_word' id='word_1_605' title='bbox 671 1954 732 1980; x_wconf 85' lang='grc' dir='ltr'><strong>μου</strong></span> <span class='ocrx_word' id='word_1_606' title='bbox 762 1946 797 1972; x_wconf 84' lang='grc' dir='ltr'><strong>ἐν</strong></span> <span class='ocrx_word' id='word_1_607' title='bbox 822 1946 886 1981; x_wconf 72' lang='grc' dir='ltr'><strong>ἐμοι</strong></span> 
     </span>
    </p>
   </div>
   <div class='ocr_carea' id='block_1_73' title="bbox 99 1991 885 2028">
    <p class='ocr_par' dir='ltr' id='par_1_73' title="bbox 99 1991 885 2028">
     <span class='ocr_line' id='line_1_73' title="bbox 99 1991 885 2028; baseline 0 -10"><span class='ocrx_word' id='word_1_608' title='bbox 99 1991 208 2028; x_wconf 77' lang='grc' dir='ltr'><em>μένων,</em></span> <span class='ocrx_word' id='word_1_609' title='bbox 224 1992 315 2025; x_wconf 84' lang='grc' dir='ltr'><strong>αὐτὸς</strong></span> <span class='ocrx_word' id='word_1_610' title='bbox 333 1991 462 2019; x_wconf 65' lang='lat' dir='ltr'><strong>eratsi.ti</strong></span> <span class='ocrx_word' id='word_1_611' title='bbox 484 1991 566 2026; x_wconf 79' lang='grc' dir='ltr'>ἔργα.</span> <span class='ocrx_word' id='word_1_612' title='bbox 585 1991 745 2018; x_wconf 85' lang='grc' dir='ltr'><strong>Πιστεύετὲ</strong></span> <span class='ocrx_word' id='word_1_613' title='bbox 757 2000 818 2026; x_wconf 81' lang='grc' dir='ltr'>μρι,</span> <span class='ocrx_word' id='word_1_614' title='bbox 841 1992 885 2019; x_wconf 80' lang='grc' dir='ltr'><strong>ὅτι</strong></span> 
     </span>
    </p>
   </div>
   <div class='ocr_carea' id='block_1_74' title="bbox 101 2037 885 2074">
    <p class='ocr_par' dir='ltr' id='par_1_74' title="bbox 101 2037 885 2074">
     <span class='ocr_line' id='line_1_74' title="bbox 101 2037 885 2074; baseline -0.001 -9"><span class='ocrx_word' id='word_1_615' title='bbox 101 2039 159 2074; x_wconf 78' lang='grc' dir='ltr'><strong>ἐγὼ</strong></span> <span class='ocrx_word' id='word_1_616' title='bbox 170 2039 205 2066; x_wconf 86' lang='grc' dir='ltr'><strong>ἑν</strong></span> <span class='ocrx_word' id='word_1_617' title='bbox 225 2038 265 2072; x_wconf 88' lang='grc' dir='ltr'><strong>τῷ</strong></span> <span class='ocrx_word' id='word_1_618' title='bbox 281 2038 371 2072; x_wconf 79' lang='grc' dir='ltr'>Πατρι</span> <span class='ocrx_word' id='word_1_619' title='bbox 390 2047 448 2073; x_wconf 81' lang='grc' dir='ltr'><strong>μου</strong></span> <span class='ocrx_word' id='word_1_620' title='bbox 463 2037 530 2073; x_wconf 83' lang='grc'>(67),</span> <span class='ocrx_word' id='word_1_621' title='bbox 546 2037 596 2064; x_wconf 77' lang='grc' dir='ltr'>καὶ</span> <span class='ocrx_word' id='word_1_622' title='bbox 612 2039 628 2064; x_wconf 88' lang='lat' dir='ltr'><strong>d</strong></span> <span class='ocrx_word' id='word_1_623' title='bbox 652 2037 753 2071; x_wconf 82' lang='grc' dir='ltr'>Πατὴρ</span> <span class='ocrx_word' id='word_1_624' title='bbox 767 2038 803 2064; x_wconf 83' lang='grc' dir='ltr'><strong>ἐν</strong></span> <span class='ocrx_word' id='word_1_625' title='bbox 819 2038 885 2072; x_wconf 84' lang='grc' dir='ltr'>ἐμοι</span> 
     </span>
    </p>
   </div>
   <div class='ocr_carea' id='block_1_75' title="bbox 941 1578 1727 1614">
    <p class='ocr_par' dir='ltr' id='par_1_75' title="bbox 941 1578 1727 1614">
     <span class='ocr_line' id='line_1_75' title="bbox 941 1578 1727 1614; baseline -0.004 -7"><span class='ocrx_word' id='word_1_626' title='bbox 941 1580 1023 1608; x_wconf 78' lang='lat' dir='ltr'><strong>Pater</strong></span> <span class='ocrx_word' id='word_1_627' title='bbox 1039 1585 1127 1608; x_wconf 87' lang='lat' dir='ltr'><strong>autem</strong></span> <span class='ocrx_word' id='word_1_628' title='bbox 1140 1581 1167 1607; x_wconf 88' lang='lat' dir='ltr'><strong>in</strong></span> <span class='ocrx_word' id='word_1_629' title='bbox 1181 1588 1221 1607; x_wconf 87' lang='lat' dir='ltr'><strong>me</strong></span> <span class='ocrx_word' id='word_1_630' title='bbox 1237 1588 1344 1607; x_wconf 80' lang='lat' dir='ltr'><strong>manens</strong></span> <span class='ocrx_word' id='word_1_631' title='bbox 1365 1580 1419 1613; x_wconf 86' lang='lat' dir='ltr'><strong>ipse</strong></span> <span class='ocrx_word' id='word_1_632' title='bbox 1434 1579 1498 1614; x_wconf 78' lang='lat' dir='ltr'><strong>facit</strong></span> <span class='ocrx_word' id='word_1_633' title='bbox 1514 1586 1602 1613; x_wconf 82' lang='lat' dir='ltr'><strong>opera.</strong></span> <span class='ocrx_word' id='word_1_634' title='bbox 1621 1578 1727 1605; x_wconf 76' lang='lat' dir='ltr'><strong>Credite</strong></span> 
     </span>
    </p>
   </div>
   <div class='ocr_carea' id='block_1_76' title="bbox 942 1623 1724 1660">
    <p class='ocr_par' dir='ltr' id='par_1_76' title="bbox 942 1623 1724 1660">
     <span class='ocr_line' id='line_1_76' title="bbox 942 1623 1724 1660; baseline -0.003 -8"><span class='ocrx_word' id='word_1_635' title='bbox 942 1625 1015 1658; x_wconf 83' lang='lat' dir='ltr'><strong>mihi,</strong></span> <span class='ocrx_word' id='word_1_636' title='bbox 1029 1626 1092 1660; x_wconf 83' lang='lat' dir='ltr'><strong>quia</strong></span> <span class='ocrx_word' id='word_1_637' title='bbox 1104 1633 1149 1659; x_wconf 82' lang='lat' dir='ltr'><strong>ego</strong></span> <span class='ocrx_word' id='word_1_638' title='bbox 1163 1626 1191 1652; x_wconf 84' lang='lat' dir='ltr'><strong>in</strong></span> <span class='ocrx_word' id='word_1_639' title='bbox 1202 1624 1294 1656; x_wconf 80' lang='lat' dir='ltr'><strong>Patre,</strong></span> <span class='ocrx_word' id='word_1_640' title='bbox 1308 1629 1332 1651; x_wconf 85' lang='lat' dir='ltr'><strong>et</strong></span> <span class='ocrx_word' id='word_1_641' title='bbox 1343 1623 1424 1650; x_wconf 87' lang='lat' dir='ltr'><strong>Pater</strong></span> <span class='ocrx_word' id='word_1_642' title='bbox 1439 1624 1466 1650; x_wconf 87' lang='lat' dir='ltr'><strong>in</strong></span> <span class='ocrx_word' id='word_1_643' title='bbox 1480 1631 1521 1650; x_wconf 90' lang='lat' dir='ltr'><strong>me</strong></span> <span class='ocrx_word' id='word_1_644' title='bbox 1534 1628 1584 1650; x_wconf 76' lang='lat' dir='ltr'><strong>est.</strong></span> <span class='ocrx_word' id='word_1_645' title='bbox 1603 1623 1724 1658; x_wconf 80' lang='lat' dir='ltr'><strong>Alioquin</strong></span> 
     </span>
    </p>
   </div>
   <div class='ocr_carea' id='block_1_77' title="bbox 940 1669 1726 1706">
    <p class='ocr_par' dir='ltr' id='par_1_77' title="bbox 940 1669 1726 1706">
     <span class='ocr_line' id='line_1_77' title="bbox 940 1669 1726 1706; baseline -0.004 -8"><span class='ocrx_word' id='word_1_646' title='bbox 940 1676 1045 1706; x_wconf 77' lang='lat' dir='ltr'><strong>propter</strong></span> <span class='ocrx_word' id='word_1_647' title='bbox 1069 1679 1146 1706; x_wconf 83' lang='lat' dir='ltr'><strong>opera</strong></span> <span class='ocrx_word' id='word_1_648' title='bbox 1168 1671 1225 1706; x_wconf 79' lang='lat' dir='ltr'><strong>ipsa</strong></span> <span class='ocrx_word' id='word_1_649' title='bbox 1243 1671 1339 1698; x_wconf 86' lang='lat' dir='ltr'><strong>credite</strong></span> <span class='ocrx_word' id='word_1_650' title='bbox 1361 1671 1424 1698; x_wconf 86' lang='lat' dir='ltr'><strong>mihi</strong></span> <span class='ocrx_word' id='word_1_651' title='bbox 1433 1671 1465 1697; x_wconf 73' lang='grc'><strong>⁸⁷.</strong></span> <span class='ocrx_word' id='word_1_652' title='bbox 1479 1669 1553 1705; x_wconf 90' lang='lat' dir='ltr'><strong>Opus</strong></span> <span class='ocrx_word' id='word_1_653' title='bbox 1564 1673 1652 1697; x_wconf 88' lang='lat' dir='ltr'><strong>autem</strong></span> <span class='ocrx_word' id='word_1_654' title='bbox 1667 1674 1726 1698; x_wconf 71' lang='lat' dir='ltr'><strong>erat</strong></span> 
     </span>
    </p>
   </div>
   <div class='ocr_carea' id='block_1_78' title="bbox 941 1715 1725 1752">
    <p class='ocr_par' dir='ltr' id='par_1_78' title="bbox 941 1715 1725 1752">
     <span class='ocr_line' id='line_1_78' title="bbox 941 1715 1725 1752; baseline -0.003 -9"><span class='ocrx_word' id='word_1_655' title='bbox 941 1716 988 1743; x_wconf 89' lang='lat' dir='ltr'><strong>Dei</strong></span> <span class='ocrx_word' id='word_1_656' title='bbox 1001 1716 1090 1744; x_wconf 87' lang='lat' dir='ltr'><strong>Patris</strong></span> <span class='ocrx_word' id='word_1_657' title='bbox 1097 1716 1194 1752; x_wconf 86' lang='lat' dir='ltr'><strong>ejicere</strong></span> <span class='ocrx_word' id='word_1_658' title='bbox 1206 1716 1340 1744; x_wconf 70' lang='lat' dir='ltr'><strong>daemonia</strong></span> <span class='ocrx_word' id='word_1_659' title='bbox 1355 1725 1361 1743; x_wconf 93' lang='lat'>:</span> <span class='ocrx_word' id='word_1_660' title='bbox 1376 1716 1403 1742; x_wconf 89' lang='lat' dir='ltr'><strong>in</strong></span> <span class='ocrx_word' id='word_1_661' title='bbox 1411 1715 1512 1750; x_wconf 90' lang='lat' dir='ltr'><strong>Spiritu</strong></span> <span class='ocrx_word' id='word_1_662' title='bbox 1531 1719 1621 1742; x_wconf 90' lang='lat' dir='ltr'><strong>tamen</strong></span> <span class='ocrx_word' id='word_1_663' title='bbox 1631 1719 1725 1742; x_wconf 82' lang='lat' dir='ltr'><strong>sancto</strong></span> 
     </span>
    </p>
   </div>
   <div class='ocr_carea' id='block_1_79' title="bbox 941 1760 1723 1798">
    <p class='ocr_par' dir='ltr' id='par_1_79' title="bbox 941 1760 1723 1798">
     <span class='ocr_line' id='line_1_79' title="bbox 941 1760 1723 1798; baseline -0.004 -8"><span class='ocrx_word' id='word_1_664' title='bbox 941 1763 1048 1791; x_wconf 88' lang='lat' dir='ltr'><strong>dicebat</strong></span> <span class='ocrx_word' id='word_1_665' title='bbox 1059 1771 1088 1791; x_wconf 88' lang='lat' dir='ltr'><strong>se</strong></span> <span class='ocrx_word' id='word_1_666' title='bbox 1104 1763 1203 1798; x_wconf 86' lang='lat' dir='ltr'><strong>ejicere</strong></span> <span class='ocrx_word' id='word_1_667' title='bbox 1217 1762 1375 1790; x_wconf 64' lang='lat' dir='ltr'><strong>daemones:</strong></span> <span class='ocrx_word' id='word_1_668' title='bbox 1392 1761 1422 1789; x_wconf 78' lang='lat' dir='ltr'><strong>Si</strong></span> <span class='ocrx_word' id='word_1_669' title='bbox 1438 1762 1464 1788; x_wconf 83' lang='lat' dir='ltr'><strong>in</strong></span> <span class='ocrx_word' id='word_1_670' title='bbox 1481 1761 1585 1796; x_wconf 82' lang='lat' dir='ltr'><strong>Spiritu</strong></span> <span class='ocrx_word' id='word_1_671' title='bbox 1599 1760 1658 1793; x_wconf 87' lang='lat' dir='ltr'><strong>Dei,</strong></span> <span class='ocrx_word' id='word_1_672' title='bbox 1675 1760 1723 1792; x_wconf 87' lang='lat' dir='ltr'><strong>ait,</strong></span> 
     </span>
    </p>
   </div>
   <div class='ocr_carea' id='block_1_80' title="bbox 940 1807 1725 1843">
    <p class='ocr_par' dir='ltr' id='par_1_80' title="bbox 940 1807 1725 1843">
     <span class='ocr_line' id='line_1_80' title="bbox 940 1807 1725 1843; baseline -0.004 -8"><span class='ocrx_word' id='word_1_673' title='bbox 940 1816 985 1843; x_wconf 84' lang='lat' dir='ltr'><strong>ego</strong></span> <span class='ocrx_word' id='word_1_674' title='bbox 995 1808 1071 1842; x_wconf 84' lang='lat' dir='ltr'><strong>ejicio</strong></span> <span class='ocrx_word' id='word_1_675' title='bbox 1088 1808 1220 1835; x_wconf 73' lang='lat' dir='ltr'><strong>dwmonia</strong></span> <span class='ocrx_word' id='word_1_676' title='bbox 1229 1807 1263 1834; x_wconf 77' lang='grc'><strong>⁸⁸.</strong></span> <span class='ocrx_word' id='word_1_677' title='bbox 1278 1807 1317 1835; x_wconf 90' lang='lat' dir='ltr'><strong>De</strong></span> <span class='ocrx_word' id='word_1_678' title='bbox 1331 1815 1385 1842; x_wconf 87' lang='lat' dir='ltr'><strong>quo</strong></span> <span class='ocrx_word' id='word_1_679' title='bbox 1402 1807 1490 1835; x_wconf 87' lang='lat' dir='ltr'><strong>Lucas</strong></span> <span class='ocrx_word' id='word_1_680' title='bbox 1501 1807 1570 1834; x_wconf 79' lang='lat' dir='ltr'><strong>dixit</strong></span> <span class='ocrx_word' id='word_1_681' title='bbox 1582 1815 1588 1834; x_wconf 92' lang='lat'>:</span> <span class='ocrx_word' id='word_1_682' title='bbox 1605 1807 1689 1833; x_wconf 82' lang='lat' dir='ltr'><strong>Porro</strong></span> <span class='ocrx_word' id='word_1_683' title='bbox 1701 1807 1725 1833; x_wconf 76' lang='lat' dir='ltr'><strong>si</strong></span> 
     </span>
    </p>
   </div>
   <div class='ocr_carea' id='block_1_81' title="bbox 940 1852 1725 1890">
    <p class='ocr_par' dir='ltr' id='par_1_81' title="bbox 940 1852 1725 1890">
     <span class='ocr_line' id='line_1_81' title="bbox 940 1852 1725 1890; baseline -0.003 -8"><span class='ocrx_word' id='word_1_684' title='bbox 940 1855 967 1881; x_wconf 83' lang='lat' dir='ltr'><strong>in</strong></span> <span class='ocrx_word' id='word_1_685' title='bbox 977 1854 1060 1890; x_wconf 83' lang='lat' dir='ltr'><strong>digito</strong></span> <span class='ocrx_word' id='word_1_686' title='bbox 1072 1854 1120 1882; x_wconf 88' lang='lat' dir='ltr'><strong>Dei</strong></span> <span class='ocrx_word' id='word_1_687' title='bbox 1133 1855 1210 1890; x_wconf 86' lang='lat' dir='ltr'><strong>ejicio</strong></span> <span class='ocrx_word' id='word_1_688' title='bbox 1222 1855 1352 1881; x_wconf 72' lang='lat' dir='ltr'><strong>dmmonia</strong></span> <span class='ocrx_word' id='word_1_689' title='bbox 1363 1854 1396 1882; x_wconf 83' lang='lat'><strong>&quot;.</strong></span> <span class='ocrx_word' id='word_1_690' title='bbox 1407 1853 1561 1889; x_wconf 85' lang='lat' dir='ltr'><strong>Aliquando</strong></span> <span class='ocrx_word' id='word_1_691' title='bbox 1569 1853 1641 1881; x_wconf 90' lang='lat' dir='ltr'><strong>enim</strong></span> <span class='ocrx_word' id='word_1_692' title='bbox 1651 1852 1725 1880; x_wconf 84' lang='lat' dir='ltr'><strong>Scri—</strong></span> 
     </span>
    </p>
   </div>
   <div class='ocr_carea' id='block_1_82' title="bbox 939 1899 1723 1935">
    <p class='ocr_par' dir='ltr' id='par_1_82' title="bbox 939 1899 1723 1935">
     <span class='ocr_line' id='line_1_82' title="bbox 939 1899 1723 1935; baseline 0 -9"><span class='ocrx_word' id='word_1_693' title='bbox 939 1904 1017 1935; x_wconf 88' lang='lat' dir='ltr'><strong>ptura</strong></span> <span class='ocrx_word' id='word_1_694' title='bbox 1033 1900 1171 1927; x_wconf 81' lang='lat' dir='ltr'><strong>Christum</strong></span> <span class='ocrx_word' id='word_1_695' title='bbox 1184 1900 1325 1928; x_wconf 88' lang='lat' dir='ltr'><strong>brachium</strong></span> <span class='ocrx_word' id='word_1_696' title='bbox 1339 1899 1429 1928; x_wconf 85' lang='lat' dir='ltr'><strong>Patris</strong></span> <span class='ocrx_word' id='word_1_697' title='bbox 1440 1900 1580 1932; x_wconf 85' lang='lat' dir='ltr'><strong>nominat;</strong></span> <span class='ocrx_word' id='word_1_698' title='bbox 1598 1903 1723 1927; x_wconf 82' lang='lat' dir='ltr'><strong>sanetum</strong></span> 
     </span>
    </p>
   </div>
   <div class='ocr_carea' id='block_1_83' title="bbox 939 1945 1724 1981">
    <p class='ocr_par' dir='ltr' id='par_1_83' title="bbox 939 1945 1724 1981">
     <span class='ocr_line' id='line_1_83' title="bbox 939 1945 1724 1981; baseline 0.001 -8"><span class='ocrx_word' id='word_1_699' title='bbox 939 1953 1003 1973; x_wconf 79' lang='lat' dir='ltr'><strong>vero</strong></span> <span class='ocrx_word' id='word_1_700' title='bbox 1025 1946 1166 1981; x_wconf 85' lang='lat' dir='ltr'><strong>Spiritum,</strong></span> <span class='ocrx_word' id='word_1_701' title='bbox 1188 1946 1303 1981; x_wconf 81' lang='lat' dir='ltr'><strong>digitum</strong></span> <span class='ocrx_word' id='word_1_702' title='bbox 1326 1946 1384 1974; x_wconf 86' lang='lat' dir='ltr'><strong>Dei.</strong></span> <span class='ocrx_word' id='word_1_703' title='bbox 1405 1945 1604 1981; x_wconf 88' lang='lat' dir='ltr'><strong>Nonnunquam</strong></span> <span class='ocrx_word' id='word_1_704' title='bbox 1624 1945 1724 1974; x_wconf 86' lang='lat' dir='ltr'><strong>Filium</strong></span> 
     </span>
    </p>
   </div>
   <div class='ocr_carea' id='block_1_84' title="bbox 938 1991 1722 2028">
    <p class='ocr_par' dir='ltr' id='par_1_84' title="bbox 938 1991 1722 2028">
     <span class='ocr_line' id='line_1_84' title="bbox 938 1991 1722 2028; baseline 0 -10"><span class='ocrx_word' id='word_1_705' title='bbox 938 1991 997 2024; x_wconf 76' lang='lat' dir='ltr'><strong>Dei,</strong></span> <span class='ocrx_word' id='word_1_706' title='bbox 1012 1992 1129 2019; x_wconf 86' lang='lat' dir='ltr'><strong>Verbum</strong></span> <span class='ocrx_word' id='word_1_707' title='bbox 1147 1992 1264 2028; x_wconf 74' lang='lat' dir='ltr'><strong>appellat</strong></span> <span class='ocrx_word' id='word_1_708' title='bbox 1279 2001 1286 2007; x_wconf 90' lang='grc'><strong>·</strong></span> <span class='ocrx_word' id='word_1_709' title='bbox 1304 1992 1440 2020; x_wconf 73' lang='grc' dir='ltr'><em>δοιιιιυιιι</em></span> <span class='ocrx_word' id='word_1_710' title='bbox 1456 2000 1521 2020; x_wconf 84' lang='lat' dir='ltr'><strong>vero</strong></span> <span class='ocrx_word' id='word_1_711' title='bbox 1541 1996 1665 2019; x_wconf 86' lang='lat' dir='ltr'><strong>sanctum</strong></span> <span class='ocrx_word' id='word_1_712' title='bbox 1679 1991 1722 2018; x_wconf 95' lang='lat' dir='ltr'><strong>in-</strong></span> 
     </span>
    </p>
   </div>
   <div class='ocr_carea' id='block_1_85' title="bbox 936 2038 1180 2066">
    <p class='ocr_par' dir='ltr' id='par_1_85' title="bbox 936 2038 1180 2066">
     <span class='ocr_line' id='line_1_85' title="bbox 936 2038 1180 2066; baseline 0 0"><span class='ocrx_word' id='word_1_713' title='bbox 936 2038 1114 2066; x_wconf 81' lang='lat' dir='ltr'><strong>sumationcm</strong></span> <span class='ocrx_word' id='word_1_714' title='bbox 1125 2038 1180 2066; x_wconf 83' lang='lat' dir='ltr'><strong>Dei.</strong></span> 
     </span>
    </p>
   </div>
   <div class='ocr_carea' id='block_1_86' title="bbox 99 2083 1725 2124">
    <p class='ocr_par' dir='ltr' id='par_1_86' title="bbox 99 2083 1725 2124">
     <span class='ocr_line' id='line_1_86' title="bbox 99 2083 1725 2124; baseline -0.001 -11"><span class='ocrx_word' id='word_1_715' title='bbox 99 2086 194 2113; x_wconf 80' lang='grc' dir='ltr'><em>ἐστιν.</em></span> <span class='ocrx_word' id='word_1_716' title='bbox 211 2086 245 2124; x_wconf 60' lang='lat' dir='ltr'><strong>If}!</strong></span> <span class='ocrx_word' id='word_1_717' title='bbox 255 2084 289 2111; x_wconf 76' lang='grc' dir='ltr'><strong>δὲ</strong></span> <span class='ocrx_word' id='word_1_718' title='bbox 299 2084 352 2119; x_wconf 79' lang='grc' dir='ltr'><strong>μὴ,</strong></span> <span class='ocrx_word' id='word_1_719' title='bbox 371 2083 420 2111; x_wconf 80' lang='grc' dir='ltr'><strong>διὰ</strong></span> <span class='ocrx_word' id='word_1_720' title='bbox 435 2083 471 2110; x_wconf 82' lang='grc' dir='ltr'><em>τὰ</em></span> <span class='ocrx_word' id='word_1_721' title='bbox 481 2083 553 2118; x_wconf 77' lang='grc' dir='ltr'>ἔργα</span> <span class='ocrx_word' id='word_1_722' title='bbox 577 2084 653 2110; x_wconf 82' lang='grc' dir='ltr'><strong>αὐτὰ</strong></span> <span class='ocrx_word' id='word_1_723' title='bbox 679 2084 835 2110; x_wconf 76' lang='grc' dir='ltr'><strong>πιστεύετέ</strong></span> <span class='ocrx_word' id='word_1_724' title='bbox 846 2092 906 2118; x_wconf 82' lang='grc' dir='ltr'>μοι.</span> <span class='ocrx_word' id='word_1_725' title='bbox 929 2084 1028 2121; x_wconf 86' lang='grc' dir='ltr'>Ἔργον</span> <span class='ocrx_word' id='word_1_726' title='bbox 1054 2085 1083 2113; x_wconf 79' lang='grc' dir='ltr'>δὲ</span> <span class='ocrx_word' id='word_1_727' title='bbox 1109 2083 1144 2121; x_wconf 84' lang='grc' dir='ltr'>ἦν</span> <span class='ocrx_word' id='word_1_728' title='bbox 1168 2085 1216 2113; x_wconf 75' lang='grc' dir='ltr'>τοῦ</span> <span class='ocrx_word' id='word_1_729' title='bbox 1241 2086 1308 2113; x_wconf 79' lang='grc' dir='ltr'>Θεοῦ</span> <span class='ocrx_word' id='word_1_730' title='bbox 1340 2086 1447 2122; x_wconf 79' lang='grc' dir='ltr'>Πατρὸς</span> <span class='ocrx_word' id='word_1_731' title='bbox 1471 2086 1500 2112; x_wconf 81' lang='grc' dir='ltr'>τὸ</span> <span class='ocrx_word' id='word_1_732' title='bbox 1517 2085 1572 2121; x_wconf 87' lang='grc'>(68)</span> <span class='ocrx_word' id='word_1_733' title='bbox 1583 2084 1725 2112; x_wconf 59' lang='grc' dir='ltr'><strong>ὲκὸάλλεικι</strong></span> 
     </span>
    </p>
   </div>
   <div class='ocr_carea' id='block_1_87' title="bbox 99 2127 1723 2168">
    <p class='ocr_par' dir='ltr' id='par_1_87' title="bbox 99 2127 1723 2168">
     <span class='ocr_line' id='line_1_87' title="bbox 99 2127 1723 2168; baseline -0.001 -9"><span class='ocrx_word' id='word_1_734' title='bbox 99 2133 133 2159; x_wconf 68' lang='grc' dir='ltr'>τὰ</span> <span class='ocrx_word' id='word_1_735' title='bbox 162 2131 297 2166; x_wconf 80' lang='grc' dir='ltr'>δαιμόνια·</span> <span class='ocrx_word' id='word_1_736' title='bbox 313 2131 342 2157; x_wconf 75' lang='grc' dir='ltr'><strong>ὲν</strong></span> <span class='ocrx_word' id='word_1_737' title='bbox 362 2129 500 2164; x_wconf 83' lang='grc' dir='ltr'><strong>Πνεύματι</strong></span> <span class='ocrx_word' id='word_1_738' title='bbox 522 2129 552 2156; x_wconf 80' lang='grc' dir='ltr'><strong>δὲ</strong></span> <span class='ocrx_word' id='word_1_739' title='bbox 576 2129 646 2165; x_wconf 85' lang='grc' dir='ltr'>ἁγίῳ</span> <span class='ocrx_word' id='word_1_740' title='bbox 671 2127 747 2157; x_wconf 73' lang='grc' dir='ltr'>εἶπεν</span> <span class='ocrx_word' id='word_1_741' title='bbox 766 2129 908 2157; x_wconf 78' lang='grc' dir='ltr'>ἐκϐάλλειν</span> <span class='ocrx_word' id='word_1_742' title='bbox 933 2130 968 2157; x_wconf 82' lang='grc' dir='ltr'>τὰ</span> <span class='ocrx_word' id='word_1_743' title='bbox 986 2131 1111 2166; x_wconf 85' lang='grc' dir='ltr'>δαιμόνια</span> <span class='ocrx_word' id='word_1_744' title='bbox 1127 2140 1134 2147; x_wconf 92' lang='grc'><strong>·</strong></span> <span class='ocrx_word' id='word_1_745' title='bbox 1157 2133 1193 2158; x_wconf 83' lang='grc' dir='ltr'><strong>Ει</strong></span> <span class='ocrx_word' id='word_1_746' title='bbox 1220 2131 1254 2158; x_wconf 82' lang='grc' dir='ltr'><strong>δὲ</strong></span> <span class='ocrx_word' id='word_1_747' title='bbox 1283 2132 1351 2167; x_wconf 82' lang='grc' dir='ltr'><strong>ἐγὼ,</strong></span> <span class='ocrx_word' id='word_1_748' title='bbox 1381 2133 1473 2168; x_wconf 77' lang='grc' dir='ltr'><strong>φησὶν,</strong></span> <span class='ocrx_word' id='word_1_749' title='bbox 1509 2132 1545 2158; x_wconf 81' lang='grc' dir='ltr'><strong>ἐν</strong></span> <span class='ocrx_word' id='word_1_750' title='bbox 1575 2131 1723 2166; x_wconf 73' lang='grc' dir='ltr'><strong>Πνεύματι</strong></span> 
     </span>
    </p>
   </div>
   <div class='ocr_carea' id='block_1_88' title="bbox 100 2171 1714 2213">
    <p class='ocr_par' dir='ltr' id='par_1_88' title="bbox 100 2171 1714 2213">
     <span class='ocr_line' id='line_1_88' title="bbox 100 2171 1714 2213; baseline -0.001 -7"><span class='ocrx_word' id='word_1_751' title='bbox 100 2171 190 2206; x_wconf 79' lang='grc' dir='ltr'><strong>Θεοῦ“</strong></span> <span class='ocrx_word' id='word_1_752' title='bbox 201 2175 336 2204; x_wconf 74' lang='grc' dir='ltr'>ἐκϐάλλω</span> <span class='ocrx_word' id='word_1_753' title='bbox 359 2175 395 2202; x_wconf 82' lang='grc' dir='ltr'><strong>τὰ</strong></span> <span class='ocrx_word' id='word_1_754' title='bbox 411 2174 558 2209; x_wconf 65' lang='grc' dir='ltr'><strong>δαιμόνων</strong></span> <span class='ocrx_word' id='word_1_755' title='bbox 585 2175 653 2211; x_wconf 78' lang='grc' dir='ltr'><strong>Περὶ</strong></span> <span class='ocrx_word' id='word_1_756' title='bbox 678 2171 709 2202; x_wconf 72' lang='grc' dir='ltr'>οὗ</span> <span class='ocrx_word' id='word_1_757' title='bbox 738 2177 753 2202; x_wconf 97' lang='lat'><strong>6</strong></span> <span class='ocrx_word' id='word_1_758' title='bbox 779 2176 885 2209; x_wconf 82' lang='grc' dir='ltr'><strong>Λουκᾶς</strong></span> <span class='ocrx_word' id='word_1_759' title='bbox 903 2185 985 2213; x_wconf 81' lang='grc' dir='ltr'>φησιν</span> <span class='ocrx_word' id='word_1_760' title='bbox 1009 2177 1083 2213; x_wconf 84' lang='grc'><strong>(69)·</strong></span> <span class='ocrx_word' id='word_1_761' title='bbox 1097 2178 1131 2204; x_wconf 85' lang='lat' dir='ltr'><strong>El</strong></span> <span class='ocrx_word' id='word_1_762' title='bbox 1142 2177 1177 2204; x_wconf 83' lang='grc' dir='ltr'><strong>δὲ</strong></span> <span class='ocrx_word' id='word_1_763' title='bbox 1192 2178 1250 2213; x_wconf 73' lang='grc' dir='ltr'><strong>ἐγὼ</strong></span> <span class='ocrx_word' id='word_1_764' title='bbox 1274 2178 1309 2205; x_wconf 85' lang='grc' dir='ltr'><strong>ἐν</strong></span> <span class='ocrx_word' id='word_1_765' title='bbox 1331 2178 1466 2212; x_wconf 84' lang='grc' dir='ltr'><strong>δακτύλῳ</strong></span> <span class='ocrx_word' id='word_1_766' title='bbox 1482 2177 1554 2205; x_wconf 83' lang='grc' dir='ltr'><strong>Θεοῦ</strong></span> <span class='ocrx_word' id='word_1_767' title='bbox 1579 2177 1714 2204; x_wconf 65' lang='grc' dir='ltr'>ἐκϐάλλω</span> 
     </span>
    </p>
   </div>
   <div class='ocr_carea' id='block_1_89' title="bbox 134 2259 904 2294">
    <p class='ocr_par' dir='ltr' id='par_1_89' title="bbox 134 2259 904 2294">
     <span class='ocr_line' id='line_1_89' title="bbox 134 2259 904 2294; baseline 0.001 -6"><span class='ocrx_word' id='word_1_768' title='bbox 134 2261 156 2278; x_wconf 82' lang='grc'><strong>⁸¹</strong></span> <span class='ocrx_word' id='word_1_769' title='bbox 177 2260 237 2288; x_wconf 82' lang='lat' dir='ltr'><strong>Act.</strong></span> <span class='ocrx_word' id='word_1_770' title='bbox 251 2268 300 2291; x_wconf 83' lang='lat' dir='ltr'><strong>vn,</strong></span> <span class='ocrx_word' id='word_1_771' title='bbox 316 2259 344 2287; x_wconf 71' lang='lat'><strong>2.</strong></span> <span class='ocrx_word' id='word_1_772' title='bbox 381 2260 406 2276; x_wconf 70' lang='grc' dir='ltr'><strong>εί</strong></span> <span class='ocrx_word' id='word_1_773' title='bbox 425 2259 551 2293; x_wconf 86' lang='lat' dir='ltr'><strong>ICor.n,</strong></span> <span class='ocrx_word' id='word_1_774' title='bbox 566 2259 593 2287; x_wconf 88' lang='lat'><strong>8.</strong></span> <span class='ocrx_word' id='word_1_775' title='bbox 631 2260 654 2276; x_wconf 85' lang='grc'><strong>⁸³</strong></span> <span class='ocrx_word' id='word_1_776' title='bbox 672 2259 745 2288; x_wconf 85' lang='lat' dir='ltr'><strong>PsaI.</strong></span> <span class='ocrx_word' id='word_1_777' title='bbox 764 2269 843 2294; x_wconf 62' lang='grc' dir='ltr'><em>χχιιι,</em></span> <span class='ocrx_word' id='word_1_778' title='bbox 860 2262 904 2289; x_wconf 81' lang='grc'><strong>10.</strong></span> 
     </span>
    </p>
   </div>
   <div class='ocr_carea' id='block_1_90' title="bbox 953 2260 1720 2296">
    <p class='ocr_par' dir='ltr' id='par_1_90' title="bbox 953 2260 1720 2296">
     <span class='ocr_line' id='line_1_90' title="bbox 953 2260 1720 2296; baseline -0.003 -6"><span class='ocrx_word' id='word_1_779' title='bbox 953 2262 976 2278; x_wconf 73' lang='grc'><strong>⁸⁸</strong></span> <span class='ocrx_word' id='word_1_780' title='bbox 995 2262 1047 2290; x_wconf 84' lang='lat' dir='ltr'><strong>Isa.</strong></span> <span class='ocrx_word' id='word_1_781' title='bbox 1066 2270 1161 2296; x_wconf 72' lang='lat' dir='ltr'><strong>XLVIII,</strong></span> <span class='ocrx_word' id='word_1_782' title='bbox 1177 2262 1220 2289; x_wconf 76' lang='lat' dir='ltr'><strong>ii.</strong></span> <span class='ocrx_word' id='word_1_783' title='bbox 1274 2262 1296 2278; x_wconf 75' lang='grc'><strong>³⁸</strong></span> <span class='ocrx_word' id='word_1_784' title='bbox 1315 2262 1368 2290; x_wconf 87' lang='lat' dir='ltr'><strong>Isa.</strong></span> <span class='ocrx_word' id='word_1_785' title='bbox 1383 2270 1445 2294; x_wconf 78' lang='lat' dir='ltr'><strong>XLV,</strong></span> <span class='ocrx_word' id='word_1_786' title='bbox 1458 2261 1539 2288; x_wconf 66' lang='lat' dir='ltr'><strong>M~I6</strong></span> <span class='ocrx_word' id='word_1_787' title='bbox 1602 2261 1624 2276; x_wconf 84' lang='lat'><strong>&quot;</strong></span> <span class='ocrx_word' id='word_1_788' title='bbox 1642 2260 1720 2288; x_wconf 84' lang='lat' dir='ltr'><strong>Joan.</strong></span> 
     </span>
    </p>
   </div>
   <div class='ocr_carea' id='block_1_91' title="bbox 98 2294 893 2331">
    <p class='ocr_par' dir='ltr' id='par_1_91' title="bbox 98 2294 893 2329">
     <span class='ocr_line' id='line_1_91' title="bbox 98 2294 893 2329; baseline 0 -5"><span class='ocrx_word' id='word_1_789' title='bbox 98 2305 145 2328; x_wconf 75' lang='lat' dir='ltr'><strong>xx,</strong></span> <span class='ocrx_word' id='word_1_790' title='bbox 166 2296 212 2323; x_wconf 77' lang='lat'><strong>&#39;28.</strong></span> <span class='ocrx_word' id='word_1_791' title='bbox 250 2295 272 2311; x_wconf 70' lang='grc' dir='ltr'>θ’</span> <span class='ocrx_word' id='word_1_792' title='bbox 291 2295 375 2327; x_wconf 45' lang='grc' dir='ltr'><em>ιῐοιιιις</em></span> <span class='ocrx_word' id='word_1_793' title='bbox 385 2303 441 2326; x_wconf 81' lang='lat' dir='ltr'><strong>xw,</strong></span> <span class='ocrx_word' id='word_1_794' title='bbox 459 2295 533 2321; x_wconf 69' lang='lat'><strong>7-12.</strong></span> <span class='ocrx_word' id='word_1_795' title='bbox 571 2295 594 2312; x_wconf 80' lang='grc'><strong>⁸⁸</strong></span> <span class='ocrx_word' id='word_1_796' title='bbox 613 2294 708 2323; x_wconf 86' lang='lat' dir='ltr'><strong>Matth.</strong></span> <span class='ocrx_word' id='word_1_797' title='bbox 724 2304 773 2329; x_wconf 86' lang='lat' dir='ltr'><strong>xn,</strong></span> <span class='ocrx_word' id='word_1_798' title='bbox 789 2297 834 2325; x_wconf 75' lang='lat'><strong>28.</strong></span> <span class='ocrx_word' id='word_1_799' title='bbox 871 2298 893 2314; x_wconf 79' lang='grc'><strong>⁸⁸</strong></span> 
     </span>
    </p>
   </div>
   <div class='ocr_carea' id='block_1_92' title="bbox 947 2294 1090 2331">
    <p class='ocr_par' dir='ltr' id='par_1_92' title="bbox 947 2297 1090 2331">
     <span class='ocr_line' id='line_1_92' title="bbox 947 2297 1090 2331; baseline 0 -7"><span class='ocrx_word' id='word_1_800' title='bbox 947 2305 979 2324; x_wconf 84' lang='lat' dir='ltr'><strong>Ic.</strong></span> <span class='ocrx_word' id='word_1_801' title='bbox 995 2306 1033 2331; x_wconf 84' lang='lat' dir='ltr'><strong>xt,</strong></span> <span class='ocrx_word' id='word_1_802' title='bbox 1047 2297 1090 2324; x_wconf 72' lang='lat'><strong>20.</strong></span> 
     </span>
    </p>
   </div>
   <div class='ocr_carea' id='block_1_93' title="bbox 133 2374 923 2417">
    <p class='ocr_par' dir='ltr' id='par_1_93' title="bbox 133 2374 923 2417">
     <span class='ocr_line' id='line_1_93' title="bbox 133 2374 923 2417; baseline 0.003 -15"><span class='ocrx_word' id='word_1_803' title='bbox 133 2375 189 2410; x_wconf 64' lang='lat'><em>(62)</em></span> <span class='ocrx_word' id='word_1_804' title='bbox 204 2375 367 2417; x_wconf 41' lang='lat' dir='ltr'><strong>Sergium-ian.</strong></span> <span class='ocrx_word' id='word_1_805' title='bbox 386 2374 541 2417; x_wconf 71' lang='lat' dir='ltr'><strong>Goblerian.</strong></span> <span class='ocrx_word' id='word_1_806' title='bbox 559 2381 585 2416; x_wconf 68' lang='lat' dir='ltr'><strong>et</strong></span> <span class='ocrx_word' id='word_1_807' title='bbox 598 2375 715 2417; x_wconf 60' lang='lat' dir='ltr'><strong>Felcirm.</strong></span> <span class='ocrx_word' id='word_1_808' title='bbox 735 2377 760 2417; x_wconf 52' lang='grc' dir='ltr'><strong>μ,</strong></span> <span class='ocrx_word' id='word_1_809' title='bbox 777 2377 817 2417; x_wconf 57' lang='lat' dir='ltr'><strong>si;</strong></span> <span class='ocrx_word' id='word_1_810' title='bbox 833 2376 886 2417; x_wconf 54' lang='lat' dir='ltr'><strong>36v</strong></span> <span class='ocrx_word' id='word_1_811' title='bbox 901 2390 923 2417; x_wconf 70' lang='grc' dir='ltr'><strong>ι)</strong></span> 
     </span>
    </p>
   </div>
   <div class='ocr_carea' id='block_1_94' title="bbox 97 2409 885 2445">
    <p class='ocr_par' dir='ltr' id='par_1_94' title="bbox 97 2409 885 2445">
     <span class='ocr_line' id='line_1_94' title="bbox 97 2409 885 2445; baseline 0.001 -8"><span class='ocrx_word' id='word_1_812' title='bbox 97 2411 165 2445; x_wconf 74' lang='grc' dir='ltr'><strong>ᾅδην</strong></span> <span class='ocrx_word' id='word_1_813' title='bbox 187 2412 211 2437; x_wconf 80' lang='grc' dir='ltr'>ει</span> <span class='ocrx_word' id='word_1_814' title='bbox 235 2409 271 2445; x_wconf 84' lang='grc' dir='ltr'><strong>μὴ</strong></span> <span class='ocrx_word' id='word_1_815' title='bbox 287 2410 301 2436; x_wconf 89' lang='lat'><strong>6</strong></span> <span class='ocrx_word' id='word_1_816' title='bbox 318 2410 381 2441; x_wconf 75' lang='grc' dir='ltr'>Υἱὸς</span> <span class='ocrx_word' id='word_1_817' title='bbox 402 2411 416 2436; x_wconf 87' lang='lat'><strong>6</strong></span> <span class='ocrx_word' id='word_1_818' title='bbox 438 2411 469 2436; x_wconf 77' lang='grc' dir='ltr'>ἐκ</span> <span class='ocrx_word' id='word_1_819' title='bbox 488 2411 604 2445; x_wconf 81' lang='grc' dir='ltr'>νεκρῶν.</span> <span class='ocrx_word' id='word_1_820' title='bbox 629 2411 700 2438; x_wconf 86' lang='lat' dir='ltr'><strong>Editi</strong></span> <span class='ocrx_word' id='word_1_821' title='bbox 717 2415 744 2438; x_wconf 86' lang='lat' dir='ltr'><strong>et</strong></span> <span class='ocrx_word' id='word_1_822' title='bbox 759 2413 816 2444; x_wconf 83' lang='lat' dir='ltr'><strong>alii,</strong></span> <span class='ocrx_word' id='word_1_823' title='bbox 833 2412 885 2444; x_wconf 77' lang='grc' dir='ltr'><strong>ἕως</strong></span> 
     </span>
    </p>
   </div>
   <div class='ocr_carea' id='block_1_95' title="bbox 99 2440 887 2507">
    <p class='ocr_par' dir='ltr' id='par_1_95' title="bbox 99 2440 887 2507">
     <span class='ocr_line' id='line_1_95' title="bbox 99 2440 887 2507; baseline 0.004 -36"><span class='ocrx_word' id='word_1_824' title='bbox 99 2440 162 2507; x_wconf 48' lang='lat' dir='ltr'><strong>Ei?</strong></span> <span class='ocrx_word' id='word_1_825' title='bbox 169 2440 279 2507; x_wconf 52' lang='grc' dir='ltr'><strong>(ξὲθιξίῆό</strong></span> <span class='ocrx_word' id='word_1_826' title='bbox 294 2445 357 2477; x_wconf 81' lang='grc' dir='ltr'>Υἱὸς</span> <span class='ocrx_word' id='word_1_827' title='bbox 370 2440 402 2472; x_wconf 70' lang='grc' dir='ltr'>ἐκ</span> <span class='ocrx_word' id='word_1_828' title='bbox 415 2445 529 2481; x_wconf 84' lang='grc' dir='ltr'>νεκρῶν.</span> <span class='ocrx_word' id='word_1_829' title='bbox 539 2440 605 2473; x_wconf 79' lang='grc' dir='ltr'><strong>’Μοκ</strong></span> <span class='ocrx_word' id='word_1_830' title='bbox 623 2446 650 2473; x_wconf 93' lang='lat' dir='ltr'><strong>in</strong></span> <span class='ocrx_word' id='word_1_831' title='bbox 669 2440 843 2474; x_wconf 69' lang='lat' dir='ltr'><strong>Felckmaiini</strong></span> <span class='ocrx_word' id='word_1_832' title='bbox 857 2440 887 2481; x_wconf 53' lang='grc' dir='ltr'><strong>ἓξ</strong></span> 
     </span>
    </p>
   </div>
   <div class='ocr_carea' id='block_1_96' title="bbox 137 2487 254 2507">
    <p class='ocr_par' dir='ltr' id='par_1_96' title="bbox 137 2487 254 2507">
     <span class='ocr_line' id='line_1_96' title="bbox 137 2487 254 2507; baseline 0 0"><span class='ocrx_word' id='word_1_833' title='bbox 137 2490 151 2507; x_wconf 87' lang='grc' dir='ltr'>ν</span> <span class='ocrx_word' id='word_1_834' title='bbox 169 2487 254 2507; x_wconf 83' lang='lat' dir='ltr'><strong>acest.</strong></span> 
     </span>
    </p>
   </div>
   <div class='ocr_carea' id='block_1_97' title="bbox 100 2491 884 2551">
    <p class='ocr_par' dir='ltr' id='par_1_97' title="bbox 100 2491 884 2551">
     <span class='ocr_line' id='line_1_97' title="bbox 100 2491 884 2551; baseline 0.001 -9"><span class='ocrx_word' id='word_1_835' title='bbox 100 2491 266 2551; x_wconf 55' lang='grc' dir='ltr'><strong>μεᾶῑὲἶῗῖι</strong></span> <span class='ocrx_word' id='word_1_836' title='bbox 280 2516 356 2543; x_wconf 83' lang='lat' dir='ltr'><strong>deest</strong></span> <span class='ocrx_word' id='word_1_837' title='bbox 381 2515 407 2542; x_wconf 93' lang='lat' dir='ltr'><strong>in</strong></span> <span class='ocrx_word' id='word_1_838' title='bbox 435 2515 599 2550; x_wconf 87' lang='lat' dir='ltr'><strong>quibusdam</strong></span> <span class='ocrx_word' id='word_1_839' title='bbox 616 2516 822 2551; x_wconf 82' lang='lat' dir='ltr'><strong>manuscriptis.</strong></span> <span class='ocrx_word' id='word_1_840' title='bbox 838 2516 884 2544; x_wconf 74' lang='lat' dir='ltr'><strong>sed</strong></span> 
     </span>
    </p>
   </div>
   <div class='ocr_carea' id='block_1_98' title="bbox 99 2551 883 2586">
    <p class='ocr_par' dir='ltr' id='par_1_98' title="bbox 99 2551 883 2586">
     <span class='ocr_line' id='line_1_98' title="bbox 99 2551 883 2586; baseline 0.001 -8"><span class='ocrx_word' id='word_1_841' title='bbox 99 2551 198 2585; x_wconf 70' lang='lat' dir='ltr'><strong>legitur</strong></span> <span class='ocrx_word' id='word_1_842' title='bbox 213 2551 240 2578; x_wconf 92' lang='lat' dir='ltr'><strong>in</strong></span> <span class='ocrx_word' id='word_1_843' title='bbox 256 2551 408 2586; x_wconf 20' lang='lat' dir='ltr'><strong>aliis.ritem</strong></span> <span class='ocrx_word' id='word_1_844' title='bbox 424 2551 470 2577; x_wconf 84' lang='grc' dir='ltr'><strong>καί</strong></span> <span class='ocrx_word' id='word_1_845' title='bbox 487 2551 610 2584; x_wconf 87' lang='lat' dir='ltr'><strong>proxime</strong></span> <span class='ocrx_word' id='word_1_846' title='bbox 625 2559 741 2586; x_wconf 85' lang='lat' dir='ltr'><strong>sequens</strong></span> <span class='ocrx_word' id='word_1_847' title='bbox 758 2551 834 2579; x_wconf 88' lang='lat' dir='ltr'><strong>deest</strong></span> <span class='ocrx_word' id='word_1_848' title='bbox 856 2552 883 2579; x_wconf 95' lang='lat' dir='ltr'><strong>in</strong></span> 
     </span>
    </p>
   </div>
   <div class='ocr_carea' id='block_1_99' title="bbox 99 2585 885 2620">
    <p class='ocr_par' dir='ltr' id='par_1_99' title="bbox 99 2585 885 2620">
     <span class='ocr_line' id='line_1_99' title="bbox 99 2585 885 2620; baseline 0 -7"><span class='ocrx_word' id='word_1_849' title='bbox 99 2586 278 2620; x_wconf 78' lang='lat' dir='ltr'><strong>Seguenano.</strong></span> <span class='ocrx_word' id='word_1_850' title='bbox 295 2585 366 2612; x_wconf 78' lang='lat' dir='ltr'><strong>Infra</strong></span> <span class='ocrx_word' id='word_1_851' title='bbox 377 2591 439 2619; x_wconf 84' lang='lat' dir='ltr'><strong>post</strong></span> <span class='ocrx_word' id='word_1_852' title='bbox 450 2586 520 2620; x_wconf 84' lang='grc' dir='ltr'>πλὴν</span> <span class='ocrx_word' id='word_1_853' title='bbox 531 2586 589 2618; x_wconf 82' lang='grc' dir='ltr'><strong>σοῦ,</strong></span> <span class='ocrx_word' id='word_1_854' title='bbox 605 2585 671 2618; x_wconf 67' lang='grc' dir='ltr'>Θεόζ</span> <span class='ocrx_word' id='word_1_855' title='bbox 683 2587 759 2614; x_wconf 75' lang='lat' dir='ltr'><strong>deest</strong></span> <span class='ocrx_word' id='word_1_856' title='bbox 773 2587 800 2614; x_wconf 91' lang='lat' dir='ltr'><strong>in</strong></span> <span class='ocrx_word' id='word_1_857' title='bbox 814 2587 885 2614; x_wconf 78' lang='lat' dir='ltr'><strong>mul-</strong></span> 
     </span>
    </p>
   </div>
   <div class='ocr_carea' id='block_1_100' title="bbox 97 2620 884 2682">
    <p class='ocr_par' dir='ltr' id='par_1_100' title="bbox 97 2620 884 2682">
     <span class='ocr_line' id='line_1_100' title="bbox 97 2620 884 2682; baseline 0.001 -35"><span class='ocrx_word' id='word_1_858' title='bbox 97 2622 135 2682; x_wconf 55' lang='lat' dir='ltr'><strong>Eis</strong></span> <span class='ocrx_word' id='word_1_859' title='bbox 152 2621 354 2656; x_wconf 89' lang='lat' dir='ltr'><strong>manuscriptis.</strong></span> <span class='ocrx_word' id='word_1_860' title='bbox 371 2621 472 2648; x_wconf 84' lang='lat' dir='ltr'><strong>Ibidem</strong></span> <span class='ocrx_word' id='word_1_861' title='bbox 486 2620 596 2648; x_wconf 85' lang='lat' dir='ltr'><strong>GobIer.</strong></span> <span class='ocrx_word' id='word_1_862' title='bbox 612 2625 640 2649; x_wconf 89' lang='lat' dir='ltr'><strong>et</strong></span> <span class='ocrx_word' id='word_1_863' title='bbox 657 2620 776 2649; x_wconf 75' lang='lat' dir='ltr'><strong>Feickm.</strong></span> <span class='ocrx_word' id='word_1_864' title='bbox 795 2623 819 2654; x_wconf 88' lang='lat' dir='ltr'><strong>I,</strong></span> <span class='ocrx_word' id='word_1_865' title='bbox 835 2623 884 2649; x_wconf 81' lang='grc' dir='ltr'>οὑκ</span> 
     </span>
     <span class='ocr_line' id='line_1_101' title="bbox 115 2664 185 2682; baseline -0.014 0"><span class='ocrx_word' id='word_1_866' title='bbox 115 2664 185 2682; x_wconf 67' lang='grc' dir='ltr'>πται.</span> 
     </span>
    </p>
   </div>
   <div class='ocr_carea' id='block_1_101' title="bbox 115 2664 185 2682">
    <p class='ocr_par' dir='ltr' id='par_1_101' title="bbox 115 2664 185 2682">
     <span class='ocr_line' id='line_1_102' title="bbox 115 2664 185 2682; baseline -0.014 0"><span class='ocrx_word' id='word_1_867' title='bbox 115 2664 185 2682; x_wconf 67' lang='grc' dir='ltr'>πται.</span> 
     </span>
    </p>
   </div>
   <div class='ocr_carea' id='block_1_102' title="bbox 136 2690 884 2726">
    <p class='ocr_par' dir='ltr' id='par_1_102' title="bbox 136 2690 884 2726">
     <span class='ocr_line' id='line_1_103' title="bbox 136 2690 884 2726; baseline 0.003 -9"><span class='ocrx_word' id='word_1_868' title='bbox 136 2691 192 2725; x_wconf 79' lang='grc'><strong>(64)</strong></span> <span class='ocrx_word' id='word_1_869' title='bbox 213 2690 258 2726; x_wconf 76' lang='lat' dir='ltr'><strong>Sic</strong></span> <span class='ocrx_word' id='word_1_870' title='bbox 271 2698 366 2719; x_wconf 87' lang='lat' dir='ltr'><strong>omnes</strong></span> <span class='ocrx_word' id='word_1_871' title='bbox 377 2691 462 2719; x_wconf 79' lang='lat' dir='ltr'><strong>ferme</strong></span> <span class='ocrx_word' id='word_1_872' title='bbox 473 2691 664 2726; x_wconf 85' lang='lat' dir='ltr'><strong>manuscripti.</strong></span> <span class='ocrx_word' id='word_1_873' title='bbox 690 2691 719 2718; x_wconf 95' lang='lat' dir='ltr'><strong>In</strong></span> <span class='ocrx_word' id='word_1_874' title='bbox 732 2692 823 2725; x_wconf 83' lang='lat' dir='ltr'><strong>editis,</strong></span> <span class='ocrx_word' id='word_1_875' title='bbox 836 2692 884 2719; x_wconf 88' lang='grc' dir='ltr'><strong>αὺ-</strong></span> 
     </span>
    </p>
   </div>
   <div class='ocr_carea' id='block_1_103' title="bbox 87 2725 881 2761">
    <p class='ocr_par' dir='ltr' id='par_1_103' title="bbox 87 2725 881 2761">
     <span class='ocr_line' id='line_1_104' title="bbox 87 2725 881 2761; baseline 0.001 -8"><span class='ocrx_word' id='word_1_876' title='bbox 87 2725 138 2760; x_wconf 31' lang='grc' dir='ltr'><strong>ίτῷ</strong></span> <span class='ocrx_word' id='word_1_877' title='bbox 152 2726 236 2753; x_wconf 84' lang='lat' dir='ltr'><strong>deest.</strong></span> <span class='ocrx_word' id='word_1_878' title='bbox 247 2725 318 2753; x_wconf 85' lang='lat' dir='ltr'><strong>Ini‘ra</strong></span> <span class='ocrx_word' id='word_1_879' title='bbox 329 2732 397 2761; x_wconf 82' lang='lat' dir='ltr'><strong>post,</strong></span> <span class='ocrx_word' id='word_1_880' title='bbox 405 2726 436 2753; x_wconf 86' lang='grc' dir='ltr'>τὸ</span> <span class='ocrx_word' id='word_1_881' title='bbox 444 2725 529 2758; x_wconf 79' lang='grc' dir='ltr'>πάθος</span> <span class='ocrx_word' id='word_1_882' title='bbox 538 2725 631 2759; x_wconf 71' lang='grc' dir='ltr'><strong>αὐτοῦ,</strong></span> <span class='ocrx_word' id='word_1_883' title='bbox 640 2734 734 2754; x_wconf 81' lang='lat' dir='ltr'><strong>omnes</strong></span> <span class='ocrx_word' id='word_1_884' title='bbox 749 2727 803 2753; x_wconf 75' lang='lat' dir='ltr'><strong>fere</strong></span> <span class='ocrx_word' id='word_1_885' title='bbox 815 2735 881 2754; x_wconf 78' lang='lat' dir='ltr'><strong>mss.</strong></span> 
     </span>
    </p>
   </div>
   <div class='ocr_carea' id='block_1_104' title="bbox 99 2761 881 2796">
    <p class='ocr_par' dir='ltr' id='par_1_104' title="bbox 99 2761 881 2796">
     <span class='ocr_line' id='line_1_105' title="bbox 99 2761 881 2796; baseline 0.004 -10"><span class='ocrx_word' id='word_1_886' title='bbox 99 2761 210 2794; x_wconf 75' lang='lat' dir='ltr'><strong>habent,</strong></span> <span class='ocrx_word' id='word_1_887' title='bbox 225 2761 272 2787; x_wconf 72' lang='grc' dir='ltr'>καὶ</span> <span class='ocrx_word' id='word_1_888' title='bbox 287 2761 335 2796; x_wconf 81' lang='grc' dir='ltr'>τὴν</span> <span class='ocrx_word' id='word_1_889' title='bbox 349 2761 496 2796; x_wconf 82' lang='grc' dir='ltr'><strong>πτωχείαν,</strong></span> <span class='ocrx_word' id='word_1_890' title='bbox 510 2769 570 2796; x_wconf 70' lang='lat' dir='ltr'><strong>quae</strong></span> <span class='ocrx_word' id='word_1_891' title='bbox 581 2762 679 2789; x_wconf 86' lang='lat' dir='ltr'><strong>desunt</strong></span> <span class='ocrx_word' id='word_1_892' title='bbox 692 2762 718 2788; x_wconf 92' lang='lat' dir='ltr'><strong>in</strong></span> <span class='ocrx_word' id='word_1_893' title='bbox 734 2762 824 2791; x_wconf 84' lang='lat' dir='ltr'><strong>editis.</strong></span> <span class='ocrx_word' id='word_1_894' title='bbox 837 2761 881 2789; x_wconf 91' lang='lat' dir='ltr'><strong>In-</strong></span> 
     </span>
    </p>
   </div>
   <div class='ocr_carea' id='block_1_105' title="bbox 100 2795 776 2832">
    <p class='ocr_par' dir='ltr' id='par_1_105' title="bbox 100 2795 776 2832">
     <span class='ocr_line' id='line_1_106' title="bbox 100 2795 776 2832; baseline 0.003 -10"><span class='ocrx_word' id='word_1_895' title='bbox 100 2795 141 2823; x_wconf 71' lang='lat' dir='ltr'><strong>fra</strong></span> <span class='ocrx_word' id='word_1_896' title='bbox 155 2803 202 2832; x_wconf 62' lang='lat' dir='ltr'><strong>[ro</strong></span> <span class='ocrx_word' id='word_1_897' title='bbox 218 2795 381 2832; x_wconf 73' lang='grc' dir='ltr'>ἀναστάντα,</span> <span class='ocrx_word' id='word_1_898' title='bbox 397 2797 508 2831; x_wconf 78' lang='lat' dir='ltr'><strong>Segner.</strong></span> <span class='ocrx_word' id='word_1_899' title='bbox 523 2797 604 2823; x_wconf 86' lang='lat' dir='ltr'><strong>habet</strong></span> <span class='ocrx_word' id='word_1_900' title='bbox 620 2797 776 2832; x_wconf 61' lang='grc' dir='ltr'>ἐγερθέντα.</span> 
     </span>
    </p>
   </div>
   <div class='ocr_carea' id='block_1_106' title="bbox 138 2830 881 2866">
    <p class='ocr_par' dir='ltr' id='par_1_106' title="bbox 138 2830 881 2866">
     <span class='ocr_line' id='line_1_107' title="bbox 138 2830 881 2866; baseline 0.001 -9"><span class='ocrx_word' id='word_1_901' title='bbox 138 2830 194 2864; x_wconf 78' lang='lat'><em>(65)</em></span> <span class='ocrx_word' id='word_1_902' title='bbox 215 2831 407 2863; x_wconf 72' lang='lat' dir='ltr'><strong>Segucrianus,</strong></span> <span class='ocrx_word' id='word_1_903' title='bbox 422 2830 460 2866; x_wconf 75' lang='grc' dir='ltr'><strong>τῷ</strong></span> <span class='ocrx_word' id='word_1_904' title='bbox 487 2831 556 2866; x_wconf 82' lang='grc' dir='ltr'>ἁγίῳ</span> <span class='ocrx_word' id='word_1_905' title='bbox 576 2830 674 2866; x_wconf 65' lang='grc' dir='ltr'>Θωμᾷξ</span> <span class='ocrx_word' id='word_1_906' title='bbox 695 2831 794 2859; x_wconf 84' lang='lat' dir='ltr'><strong>Ibidem</strong></span> <span class='ocrx_word' id='word_1_907' title='bbox 821 2831 881 2866; x_wconf 60' lang='lat' dir='ltr'><strong>Sag.</strong></span> 
     </span>
    </p>
   </div>
   <div class='ocr_carea' id='block_1_107' title="bbox 102 2865 882 2899">
    <p class='ocr_par' dir='ltr' id='par_1_107' title="bbox 102 2865 882 2899">
     <span class='ocr_line' id='line_1_108' title="bbox 102 2865 882 2899; baseline 0 -6"><span class='ocrx_word' id='word_1_908' title='bbox 102 2865 182 2897; x_wconf 77' lang='lat' dir='ltr'><strong>Gobl.</strong></span> <span class='ocrx_word' id='word_1_909' title='bbox 205 2871 231 2893; x_wconf 86' lang='lat' dir='ltr'><strong>et</strong></span> <span class='ocrx_word' id='word_1_910' title='bbox 249 2866 319 2894; x_wconf 82' lang='lat' dir='ltr'><strong>Felc.</strong></span> <span class='ocrx_word' id='word_1_911' title='bbox 342 2868 361 2894; x_wconf 12' lang='lat' dir='ltr'><strong>lt</strong></span> <span class='ocrx_word' id='word_1_912' title='bbox 383 2865 450 2894; x_wconf 84' lang='lat' dir='ltr'><strong>utin</strong></span> <span class='ocrx_word' id='word_1_913' title='bbox 459 2865 546 2894; x_wconf 68' lang='lat' dir='ltr'><strong>textu.</strong></span> <span class='ocrx_word' id='word_1_914' title='bbox 558 2865 627 2894; x_wconf 84' lang='lat' dir='ltr'><strong>Editi</strong></span> <span class='ocrx_word' id='word_1_915' title='bbox 639 2865 701 2894; x_wconf 61' lang='grc' dir='ltr'>νει-ο</span> <span class='ocrx_word' id='word_1_916' title='bbox 713 2871 738 2894; x_wconf 71' lang='grc' dir='ltr'><em>(ιι</em></span> <span class='ocrx_word' id='word_1_917' title='bbox 755 2867 810 2899; x_wconf 84' lang='lat' dir='ltr'><strong>alii,</strong></span> <span class='ocrx_word' id='word_1_918' title='bbox 825 2868 882 2893; x_wconf 69' lang='grc' dir='ltr'><strong>Κύ-</strong></span> 
     </span>
    </p>
   </div>
   <div class='ocr_carea' id='block_1_108' title="bbox 954 2375 1718 2412">
    <p class='ocr_par' dir='ltr' id='par_1_108' title="bbox 954 2375 1718 2412">
     <span class='ocr_line' id='line_1_109' title="bbox 954 2375 1718 2412; baseline -0.004 -8"><span class='ocrx_word' id='word_1_919' title='bbox 954 2386 995 2404; x_wconf 44' lang='grc' dir='ltr'>νιον</span> <span class='ocrx_word' id='word_1_920' title='bbox 1011 2377 1055 2404; x_wconf 84' lang='grc' dir='ltr'>τὸν</span> <span class='ocrx_word' id='word_1_921' title='bbox 1065 2378 1131 2405; x_wconf 83' lang='grc' dir='ltr'>Θεὸν</span> <span class='ocrx_word' id='word_1_922' title='bbox 1138 2377 1250 2412; x_wconf 83' lang='grc' dir='ltr'>λέγοντα</span> <span class='ocrx_word' id='word_1_923' title='bbox 1258 2379 1313 2410; x_wconf 82' lang='grc' dir='ltr'>τοῖς</span> <span class='ocrx_word' id='word_1_924' title='bbox 1322 2377 1418 2404; x_wconf 79' lang='grc' dir='ltr'>ἑαυτοῦ</span> <span class='ocrx_word' id='word_1_925' title='bbox 1428 2376 1560 2412; x_wconf 78' lang='grc' dir='ltr'>μαθηταῖς</span> <span class='ocrx_word' id='word_1_926' title='bbox 1570 2384 1575 2390; x_wconf 94' lang='grc'><strong>·</strong></span> <span class='ocrx_word' id='word_1_927' title='bbox 1589 2376 1620 2402; x_wconf 80' lang='lat' dir='ltr'><strong>El</strong></span> <span class='ocrx_word' id='word_1_928' title='bbox 1632 2375 1718 2412; x_wconf 46' lang='lat'><strong>7&amp;9...</strong></span> 
     </span>
    </p>
   </div>
   <div class='ocr_carea' id='block_1_109' title="bbox 938 2386 1718 2448">
    <p class='ocr_par' dir='ltr' id='par_1_109' title="bbox 938 2386 1718 2448">
     <span class='ocr_line' id='line_1_110' title="bbox 954 2386 1718 2412; baseline -0.003 -8"><span class='ocrx_word' id='word_1_929' title='bbox 954 2386 995 2404; x_wconf 74' lang='lat' dir='ltr'><strong>tov</strong></span> <span class='ocrx_word' id='word_1_930' title='bbox 1011 2386 1055 2404; x_wconf 89' lang='grc' dir='ltr'>τον</span> <span class='ocrx_word' id='word_1_931' title='bbox 1065 2386 1131 2405; x_wconf 76' lang='grc' dir='ltr'>σεον</span> <span class='ocrx_word' id='word_1_932' title='bbox 1140 2386 1250 2412; x_wconf 84' lang='grc' dir='ltr'>Αεγοντα</span> <span class='ocrx_word' id='word_1_933' title='bbox 1258 2387 1313 2410; x_wconf 82' lang='grc' dir='ltr'>τοις</span> <span class='ocrx_word' id='word_1_934' title='bbox 1322 2386 1418 2404; x_wconf 86' lang='grc' dir='ltr'>εαυτου</span> <span class='ocrx_word' id='word_1_935' title='bbox 1428 2386 1560 2412; x_wconf 80' lang='grc' dir='ltr'>μαυηταις</span> <span class='ocrx_word' id='word_1_936' title='bbox 1570 2386 1575 2390; x_wconf 95' lang='grc'><strong>·</strong></span> <span class='ocrx_word' id='word_1_937' title='bbox 1590 2386 1620 2402; x_wconf 62' lang='grc' dir='ltr'><em>ιειι</em></span> <span class='ocrx_word' id='word_1_938' title='bbox 1632 2386 1718 2411; x_wconf 83' lang='grc' dir='ltr'>γαρ...</span> 
     </span>
     <span class='ocr_line' id='line_1_111' title="bbox 938 2386 1718 2448; baseline -0.004 -8"><span class='ocrx_word' id='word_1_939' title='bbox 938 2386 1048 2447; x_wconf 55' lang='lat' dir='ltr'><strong>fluet-5pm</strong></span> <span class='ocrx_word' id='word_1_940' title='bbox 1060 2422 1110 2448; x_wconf 86' lang='grc' dir='ltr'><strong>μου</strong></span> <span class='ocrx_word' id='word_1_941' title='bbox 1123 2413 1156 2440; x_wconf 86' lang='grc' dir='ltr'>ἂν</span> <span class='ocrx_word' id='word_1_942' title='bbox 1180 2413 1279 2448; x_wconf 75' lang='grc' dir='ltr'><strong>ᾔδειτε.</strong></span> <span class='ocrx_word' id='word_1_943' title='bbox 1298 2413 1413 2448; x_wconf 79' lang='grc' dir='ltr'>Ἀπάρτι</span> <span class='ocrx_word' id='word_1_944' title='bbox 1428 2413 1456 2439; x_wconf 84' lang='grc' dir='ltr'><strong>δὲ</strong></span> <span class='ocrx_word' id='word_1_945' title='bbox 1471 2411 1627 2448; x_wconf 69' lang='grc' dir='ltr'><strong>γινώσκετε.</strong></span> <span class='ocrx_word' id='word_1_946' title='bbox 1639 2411 1718 2448; x_wconf 78' lang='grc' dir='ltr'><strong>Αὐτῷ</strong></span> 
     </span>
    </p>
   </div>
   <div class='ocr_carea' id='block_1_110' title="bbox 939 2447 1720 2482">
    <p class='ocr_par' dir='ltr' id='par_1_110' title="bbox 939 2447 1720 2482">
     <span class='ocr_line' id='line_1_112' title="bbox 939 2447 1720 2482; baseline -0.003 -8"><span class='ocrx_word' id='word_1_947' title='bbox 939 2455 1003 2474; x_wconf 77' lang='grc' dir='ltr'><em>ιιιοι</em></span> <span class='ocrx_word' id='word_1_948' title='bbox 1022 2447 1139 2482; x_wconf 81' lang='lat' dir='ltr'><strong>sequens</strong></span> <span class='ocrx_word' id='word_1_949' title='bbox 1162 2447 1238 2476; x_wconf 83' lang='lat' dir='ltr'><strong>deest</strong></span> <span class='ocrx_word' id='word_1_950' title='bbox 1255 2449 1282 2475; x_wconf 92' lang='lat' dir='ltr'><strong>in</strong></span> <span class='ocrx_word' id='word_1_951' title='bbox 1297 2448 1388 2480; x_wconf 84' lang='lat' dir='ltr'><strong>editis,</strong></span> <span class='ocrx_word' id='word_1_952' title='bbox 1404 2448 1451 2475; x_wconf 88' lang='lat' dir='ltr'><strong>sed</strong></span> <span class='ocrx_word' id='word_1_953' title='bbox 1474 2447 1572 2481; x_wconf 82' lang='lat' dir='ltr'><strong>legitur</strong></span> <span class='ocrx_word' id='word_1_954' title='bbox 1587 2447 1614 2473; x_wconf 88' lang='lat' dir='ltr'><strong>in</strong></span> <span class='ocrx_word' id='word_1_955' title='bbox 1631 2447 1720 2473; x_wconf 90' lang='lat' dir='ltr'><strong>omni-</strong></span> 
     </span>
    </p>
   </div>
   <div class='ocr_carea' id='block_1_111' title="bbox 939 2482 1170 2510">
    <p class='ocr_par' dir='ltr' id='par_1_111' title="bbox 939 2482 1170 2510">
     <span class='ocr_line' id='line_1_113' title="bbox 939 2482 1170 2510; baseline 0.004 -1"><span class='ocrx_word' id='word_1_956' title='bbox 939 2483 990 2510; x_wconf 87' lang='lat' dir='ltr'><strong>bus</strong></span> <span class='ocrx_word' id='word_1_957' title='bbox 1007 2482 1092 2510; x_wconf 78' lang='lat' dir='ltr'><strong>ierme</strong></span> <span class='ocrx_word' id='word_1_958' title='bbox 1105 2491 1170 2510; x_wconf 89' lang='lat' dir='ltr'><strong>mss.</strong></span> 
     </span>
    </p>
   </div>
   <div class='ocr_carea' id='block_1_112' title="bbox 974 2516 1718 2551">
    <p class='ocr_par' dir='ltr' id='par_1_112' title="bbox 974 2516 1718 2551">
     <span class='ocr_line' id='line_1_114' title="bbox 974 2516 1718 2551; baseline -0.003 -7"><span class='ocrx_word' id='word_1_959' title='bbox 974 2517 1030 2551; x_wconf 86' lang='lat'><em>(66)</em></span> <span class='ocrx_word' id='word_1_960' title='bbox 1052 2517 1089 2545; x_wconf 85' lang='lat' dir='ltr'><strong>Ila</strong></span> <span class='ocrx_word' id='word_1_961' title='bbox 1101 2525 1195 2547; x_wconf 87' lang='lat' dir='ltr'><strong>omnes</strong></span> <span class='ocrx_word' id='word_1_962' title='bbox 1203 2517 1286 2545; x_wconf 78' lang='lat' dir='ltr'><strong>ferme</strong></span> <span class='ocrx_word' id='word_1_963' title='bbox 1294 2525 1362 2544; x_wconf 90' lang='lat' dir='ltr'><strong>mss.</strong></span> <span class='ocrx_word' id='word_1_964' title='bbox 1369 2516 1397 2543; x_wconf 93' lang='lat' dir='ltr'><strong>In</strong></span> <span class='ocrx_word' id='word_1_965' title='bbox 1404 2517 1483 2544; x_wconf 83' lang='lat' dir='ltr'><strong>editis</strong></span> <span class='ocrx_word' id='word_1_966' title='bbox 1491 2523 1563 2548; x_wconf 88' lang='lat' dir='ltr'><strong>vero,</strong></span> <span class='ocrx_word' id='word_1_967' title='bbox 1574 2516 1641 2546; x_wconf 76' lang='lat' dir='ltr'><strong>lucc,</strong></span> <span class='ocrx_word' id='word_1_968' title='bbox 1649 2517 1718 2548; x_wconf 63' lang='grc' dir='ltr'>ἐστ-κ</span> 
     </span>
    </p>
   </div>
   <div class='ocr_carea' id='block_1_113' title="bbox 937 2551 1718 2614">
    <p class='ocr_par' dir='ltr' id='par_1_113' title="bbox 937 2551 1718 2614">
     <span class='ocr_line' id='line_1_115' title="bbox 937 2551 1718 2614; baseline -0.001 -35"><span class='ocrx_word' id='word_1_969' title='bbox 937 2552 978 2614; x_wconf 60' lang='grc' dir='ltr'><strong>ἔά</strong></span> <span class='ocrx_word' id='word_1_970' title='bbox 992 2554 1113 2596; x_wconf 68' lang='grc' dir='ltr'>ῥήματα,</span> <span class='ocrx_word' id='word_1_971' title='bbox 1130 2554 1237 2581; x_wconf 87' lang='lat' dir='ltr'><strong>desunt.</strong></span> <span class='ocrx_word' id='word_1_972' title='bbox 1253 2552 1324 2581; x_wconf 82' lang='lat' dir='ltr'><strong>Infra</strong></span> <span class='ocrx_word' id='word_1_973' title='bbox 1335 2552 1445 2587; x_wconf 85' lang='lat' dir='ltr'><strong>plurimi</strong></span> <span class='ocrx_word' id='word_1_974' title='bbox 1460 2552 1578 2583; x_wconf 85' lang='lat' dir='ltr'><strong>codices,</strong></span> <span class='ocrx_word' id='word_1_975' title='bbox 1591 2551 1678 2585; x_wconf 82' lang='grc' dir='ltr'>μένων</span> <span class='ocrx_word' id='word_1_976' title='bbox 1689 2552 1718 2578; x_wconf 82' lang='grc' dir='ltr'><strong>ὲν</strong></span> 
     </span>
     <span class='ocr_line' id='line_1_116' title="bbox 955 2597 1007 2614; baseline 0 0"><span class='ocrx_word' id='word_1_977' title='bbox 955 2597 1007 2614; x_wconf 68' lang='grc' dir='ltr'>μοι.</span> 
     </span>
    </p>
   </div>
   <div class='ocr_carea' id='block_1_114' title="bbox 953 2597 1007 2623">
    <p class='ocr_par' dir='ltr' id='par_1_114' title="bbox 953 2597 1007 2623">
     <span class='ocr_line' id='line_1_117' title="bbox 953 2597 1007 2623; baseline 0 -8"><span class='ocrx_word' id='word_1_978' title='bbox 953 2597 1007 2623; x_wconf 84' lang='grc' dir='ltr'>μοι.</span> 
     </span>
    </p>
   </div>
   <div class='ocr_carea' id='block_1_115' title="bbox 973 2620 1718 2657">
    <p class='ocr_par' dir='ltr' id='par_1_115' title="bbox 973 2620 1718 2657">
     <span class='ocr_line' id='line_1_118' title="bbox 973 2620 1718 2657; baseline -0.005 -4"><span class='ocrx_word' id='word_1_979' title='bbox 973 2623 1028 2656; x_wconf 78' lang='grc'><strong>(67)</strong></span> <span class='ocrx_word' id='word_1_980' title='bbox 1047 2623 1106 2650; x_wconf 82' lang='grc' dir='ltr'><strong>Μου</strong></span> <span class='ocrx_word' id='word_1_981' title='bbox 1122 2624 1198 2651; x_wconf 86' lang='lat' dir='ltr'><strong>deest</strong></span> <span class='ocrx_word' id='word_1_982' title='bbox 1220 2623 1246 2650; x_wconf 94' lang='lat' dir='ltr'><strong>in</strong></span> <span class='ocrx_word' id='word_1_983' title='bbox 1272 2623 1333 2657; x_wconf 73' lang='lat' dir='ltr'><strong>Seg.</strong></span> <span class='ocrx_word' id='word_1_984' title='bbox 1349 2627 1376 2649; x_wconf 89' lang='lat' dir='ltr'><strong>et</strong></span> <span class='ocrx_word' id='word_1_985' title='bbox 1393 2621 1464 2649; x_wconf 82' lang='lat' dir='ltr'><strong>Fclc.</strong></span> <span class='ocrx_word' id='word_1_986' title='bbox 1482 2621 1499 2648; x_wconf 74' lang='grc'>2</span> <span class='ocrx_word' id='word_1_987' title='bbox 1514 2620 1588 2649; x_wconf 88' lang='lat' dir='ltr'><strong>solis.</strong></span> <span class='ocrx_word' id='word_1_988' title='bbox 1617 2620 1718 2649; x_wconf 84' lang='lat' dir='ltr'><strong>Ibidem</strong></span> 
     </span>
    </p>
   </div>
   <div class='ocr_carea' id='block_1_116' title="bbox 939 2656 1727 2694">
    <p class='ocr_par' dir='ltr' id='par_1_116' title="bbox 939 2656 1727 2694">
     <span class='ocr_line' id='line_1_119' title="bbox 939 2656 1727 2694; baseline -0.001 -10"><span class='ocrx_word' id='word_1_989' title='bbox 939 2657 1013 2694; x_wconf 58' lang='lat' dir='ltr'><strong>Ilaec,</strong></span> <span class='ocrx_word' id='word_1_990' title='bbox 1020 2659 1068 2684; x_wconf 82' lang='grc' dir='ltr'>καὶ</span> <span class='ocrx_word' id='word_1_991' title='bbox 1086 2660 1100 2685; x_wconf 89' lang='lat'><strong>6</strong></span> <span class='ocrx_word' id='word_1_992' title='bbox 1114 2658 1208 2694; x_wconf 79' lang='grc' dir='ltr'>Πατὴρ</span> <span class='ocrx_word' id='word_1_993' title='bbox 1223 2659 1252 2685; x_wconf 80' lang='grc' dir='ltr'>ἐν</span> <span class='ocrx_word' id='word_1_994' title='bbox 1263 2657 1322 2693; x_wconf 75' lang='grc' dir='ltr'>ἐμοι</span> <span class='ocrx_word' id='word_1_995' title='bbox 1345 2659 1431 2694; x_wconf 33' lang='grc' dir='ltr'>ἐστιν(</span> <span class='ocrx_word' id='word_1_996' title='bbox 1443 2657 1576 2694; x_wconf 84' lang='lat' dir='ltr'><strong>babentur</strong></span> <span class='ocrx_word' id='word_1_997' title='bbox 1589 2656 1617 2683; x_wconf 87' lang='lat' dir='ltr'><strong>in</strong></span> <span class='ocrx_word' id='word_1_998' title='bbox 1631 2657 1712 2683; x_wconf 86' lang='lat' dir='ltr'><strong>omni-</strong></span> <span class='ocrx_word' id='word_1_999' title='bbox 1724 2676 1727 2683; x_wconf 93' lang='lat'><strong>.</strong></span> 
     </span>
    </p>
   </div>
   <div class='ocr_carea' id='block_1_117' title="bbox 938 2667 1480 2728">
    <p class='ocr_par' dir='ltr' id='par_1_117' title="bbox 938 2667 1480 2728">
     <span class='ocr_line' id='line_1_120' title="bbox 939 2667 1476 2694; baseline -0.002 -10"><span class='ocrx_word' id='word_1_1000' title='bbox 939 2667 1005 2690; x_wconf 71' lang='lat' dir='ltr'><strong>IIZBC,</strong></span> <span class='ocrx_word' id='word_1_1001' title='bbox 1020 2667 1068 2684; x_wconf 87' lang='grc' dir='ltr'><strong>και</strong></span> <span class='ocrx_word' id='word_1_1002' title='bbox 1086 2667 1100 2685; x_wconf 85' lang='grc' dir='ltr'><strong>ο</strong></span> <span class='ocrx_word' id='word_1_1003' title='bbox 1115 2667 1190 2694; x_wconf 76' lang='grc' dir='ltr'><em>ιιατη</em></span> <span class='ocrx_word' id='word_1_1004' title='bbox 1223 2667 1252 2685; x_wconf 85' lang='grc' dir='ltr'><strong>εν</strong></span> <span class='ocrx_word' id='word_1_1005' title='bbox 1263 2667 1322 2693; x_wconf 87' lang='grc' dir='ltr'>εμοι</span> <span class='ocrx_word' id='word_1_1006' title='bbox 1345 2667 1428 2688; x_wconf 84' lang='grc' dir='ltr'><strong>εστιν,</strong></span> <span class='ocrx_word' id='word_1_1007' title='bbox 1443 2667 1476 2684; x_wconf 85' lang='lat' dir='ltr'><strong>ua</strong></span> 
     </span>
     <span class='ocr_line' id='line_1_121' title="bbox 938 2667 1480 2728; baseline 0 -9"><span class='ocrx_word' id='word_1_1008' title='bbox 938 2693 989 2720; x_wconf 91' lang='lat' dir='ltr'><strong>bus</strong></span> <span class='ocrx_word' id='word_1_1009' title='bbox 1003 2693 1087 2721; x_wconf 76' lang='lat' dir='ltr'><strong>ferme</strong></span> <span class='ocrx_word' id='word_1_1010' title='bbox 1102 2702 1167 2721; x_wconf 87' lang='lat' dir='ltr'><strong>mss.</strong></span> <span class='ocrx_word' id='word_1_1011' title='bbox 1184 2667 1378 2728; x_wconf 21' lang='lat' dir='ltr'><strong>tresuntquerin</strong></span> <span class='ocrx_word' id='word_1_1012' title='bbox 1391 2692 1480 2719; x_wconf 85' lang='lat' dir='ltr'><strong>editis.</strong></span> 
     </span>
    </p>
   </div>
   <div class='ocr_carea' id='block_1_118' title="bbox 974 2726 1719 2763">
    <p class='ocr_par' dir='ltr' id='par_1_118' title="bbox 974 2726 1719 2763">
     <span class='ocr_line' id='line_1_122' title="bbox 974 2726 1719 2763; baseline -0.005 -7"><span class='ocrx_word' id='word_1_1013' title='bbox 974 2728 1030 2763; x_wconf 85' lang='lat'><em>(68)</em></span> <span class='ocrx_word' id='word_1_1014' title='bbox 1052 2728 1097 2756; x_wconf 88' lang='lat' dir='ltr'><strong>Sic</strong></span> <span class='ocrx_word' id='word_1_1015' title='bbox 1120 2729 1230 2763; x_wconf 90' lang='lat' dir='ltr'><strong>quidam</strong></span> <span class='ocrx_word' id='word_1_1016' title='bbox 1254 2726 1320 2756; x_wconf 78' lang='lat' dir='ltr'><strong>mss.</strong></span> <span class='ocrx_word' id='word_1_1017' title='bbox 1337 2727 1365 2755; x_wconf 96' lang='lat' dir='ltr'><strong>In</strong></span> <span class='ocrx_word' id='word_1_1018' title='bbox 1381 2728 1442 2755; x_wconf 87' lang='lat' dir='ltr'><strong>aliis</strong></span> <span class='ocrx_word' id='word_1_1019' title='bbox 1455 2735 1519 2754; x_wconf 81' lang='lat' dir='ltr'><strong>vero</strong></span> <span class='ocrx_word' id='word_1_1020' title='bbox 1543 2731 1570 2754; x_wconf 93' lang='lat' dir='ltr'><strong>et</strong></span> <span class='ocrx_word' id='word_1_1021' title='bbox 1583 2726 1674 2763; x_wconf 76' lang='lat' dir='ltr'><strong>editis,</strong></span> <span class='ocrx_word' id='word_1_1022' title='bbox 1688 2726 1719 2763; x_wconf 71' lang='grc' dir='ltr'><strong>τό</strong></span> 
     </span>
    </p>
   </div>
   <div class='ocr_carea' id='block_1_119' title="bbox 936 2762 1719 2798">
    <p class='ocr_par' dir='ltr' id='par_1_119' title="bbox 936 2762 1719 2798">
     <span class='ocr_line' id='line_1_123' title="bbox 936 2762 1719 2798; baseline 0.001 -10"><span class='ocrx_word' id='word_1_1023' title='bbox 936 2762 1020 2791; x_wconf 80' lang='lat' dir='ltr'><strong>deest.</strong></span> <span class='ocrx_word' id='word_1_1024' title='bbox 1039 2762 1138 2791; x_wconf 86' lang='lat' dir='ltr'><strong>Ibidem</strong></span> <span class='ocrx_word' id='word_1_1025' title='bbox 1151 2771 1245 2791; x_wconf 86' lang='lat' dir='ltr'><strong>omnes</strong></span> <span class='ocrx_word' id='word_1_1026' title='bbox 1261 2771 1330 2798; x_wconf 85' lang='lat' dir='ltr'><strong>pene</strong></span> <span class='ocrx_word' id='word_1_1027' title='bbox 1345 2771 1423 2795; x_wconf 77' lang='lat' dir='ltr'><strong>mss.,</strong></span> <span class='ocrx_word' id='word_1_1028' title='bbox 1433 2763 1494 2794; x_wconf 80' lang='grc' dir='ltr'>τοὺς</span> <span class='ocrx_word' id='word_1_1029' title='bbox 1509 2762 1646 2797; x_wconf 80' lang='grc' dir='ltr'>δαίμονας.</span> <span class='ocrx_word' id='word_1_1030' title='bbox 1656 2762 1719 2789; x_wconf 76' lang='grc' dir='ltr'><strong>Ειιί-</strong></span> 
     </span>
    </p>
   </div>
   <div class='ocr_carea' id='block_1_120' title="bbox 938 2798 1160 2834">
    <p class='ocr_par' dir='ltr' id='par_1_120' title="bbox 938 2798 1160 2834">
     <span class='ocr_line' id='line_1_124' title="bbox 938 2798 1160 2834; baseline 0 -10"><span class='ocrx_word' id='word_1_1031' title='bbox 938 2798 968 2829; x_wconf 87' lang='lat' dir='ltr'><strong>ti,</strong></span> <span class='ocrx_word' id='word_1_1032' title='bbox 981 2798 1015 2824; x_wconf 85' lang='grc' dir='ltr'>τὰ</span> <span class='ocrx_word' id='word_1_1033' title='bbox 1027 2798 1160 2834; x_wconf 72' lang='grc' dir='ltr'>δαιμόνια.</span> 
     </span>
    </p>
   </div>
   <div class='ocr_carea' id='block_1_121' title="bbox 974 2828 1718 2868">
    <p class='ocr_par' dir='ltr' id='par_1_121' title="bbox 974 2828 1718 2868">
     <span class='ocr_line' id='line_1_125' title="bbox 974 2828 1718 2868; baseline 0 -8"><span class='ocrx_word' id='word_1_1034' title='bbox 974 2833 1028 2867; x_wconf 84' lang='grc'>(69)</span> <span class='ocrx_word' id='word_1_1035' title='bbox 1050 2828 1208 2868; x_wconf 71' lang='lat' dir='ltr'><strong>Séguerian.</strong></span> <span class='ocrx_word' id='word_1_1036' title='bbox 1229 2833 1384 2860; x_wconf 84' lang='lat' dir='ltr'><strong>Gobtcrian.</strong></span> <span class='ocrx_word' id='word_1_1037' title='bbox 1409 2837 1435 2860; x_wconf 84' lang='lat' dir='ltr'><strong>ct</strong></span> <span class='ocrx_word' id='word_1_1038' title='bbox 1450 2832 1569 2859; x_wconf 79' lang='lat' dir='ltr'><strong>Fclckm.</strong></span> <span class='ocrx_word' id='word_1_1039' title='bbox 1584 2832 1611 2863; x_wconf 72' lang='grc'><strong>2,</strong></span> <span class='ocrx_word' id='word_1_1040' title='bbox 1630 2828 1718 2868; x_wconf 69' lang='grc' dir='ltr'><strong>εἶπεν.Δ</strong></span> 
     </span>
    </p>
   </div>
   <div class='ocr_carea' id='block_1_122' title="bbox 938 2866 1748 2904">
    <p class='ocr_par' dir='ltr' id='par_1_122' title="bbox 938 2866 1748 2904">
     <span class='ocr_line' id='line_1_126' title="bbox 938 2866 1748 2904; baseline 0 -9"><span class='ocrx_word' id='word_1_1041' title='bbox 938 2866 1036 2895; x_wconf 81' lang='lat' dir='ltr'><strong>Ibidem</strong></span> <span class='ocrx_word' id='word_1_1042' title='bbox 1052 2866 1226 2904; x_wconf 70' lang='lat' dir='ltr'><strong>Anglicanus,</strong></span> <span class='ocrx_word' id='word_1_1043' title='bbox 1242 2868 1272 2895; x_wconf 85' lang='grc' dir='ltr'><strong>Εἰ</strong></span> <span class='ocrx_word' id='word_1_1044' title='bbox 1288 2868 1315 2895; x_wconf 78' lang='grc' dir='ltr'><strong>δὲ</strong></span> <span class='ocrx_word' id='word_1_1045' title='bbox 1330 2869 1384 2903; x_wconf 77' lang='grc' dir='ltr'><strong>ἐγὼ</strong></span> <span class='ocrx_word' id='word_1_1046' title='bbox 1399 2869 1428 2895; x_wconf 75' lang='grc' dir='ltr'><strong>ὲν</strong></span> <span class='ocrx_word' id='word_1_1047' title='bbox 1441 2867 1577 2903; x_wconf 77' lang='grc' dir='ltr'><strong>Πνεύματι</strong></span> <span class='ocrx_word' id='word_1_1048' title='bbox 1592 2866 1661 2901; x_wconf 80' lang='grc' dir='ltr'>ἁγίῳ</span> <span class='ocrx_word' id='word_1_1049' title='bbox 1675 2866 1718 2895; x_wconf 55' lang='lat' dir='ltr'><strong>in:</strong></span> <span class='ocrx_word' id='word_1_1050' title='bbox 1746 2879 1748 2882; x_wconf 94' lang='grc'>·</span> 
     </span>
    </p>
   </div>
  </div>
