1954 3041
106 117 118 144 1
123 117 174 145 029

601 119 771 149 EPISTOLA
789 121 836 149 AD
853 121 968 151 AFROS
987 122 1185 153 EPISCOPOS.

1662 131 1731 161 1050

431 226 544 271 ΤΩΝ
572 225 703 271 ΚΑΤ’
754 226 1041 275 ΑΙΓΥΠΤΟΝ
1076 233 1173 275 ΚΑΙ
1197 232 1404 277 ΛΙΒΥΗΝ

674 331 890 359 ΕΠΙΣΚΟΠΩΝ
911 333 1157 361 ΕΝΕΝΗΚΟΝΤΑ

101 418 163 446 ΚΑΙ
189 417 251 446 ΤΟ]
287 418 470 448 ΜΛΚΑΡῙΟΥ
484 420 680 449 ΑΘΑΝΔΣῙΟΥ
708 421 1077 494 King?“
1091 425 1181 452 ΤΟΥΣ
1201 424 1248 452 ΕΝ
1275 426 1322 461 TI}
1347 424 1478 465 ΑΦΡΙΚῌ
1495 426 1728 457 ΤΙΜΙΩΤΔἸῸΥἭ

286 618 493 672 Ei’ISTOLA
520 639 828 673 EPISCOPORUM
847 641 1020 673 AEGYPTI
1043 642 1102 673 ET
1127 641 1270 674 LIBY/E
1294 644 1537 677 NONAGINTA

705 749 831 771 NECNON

859 749 890 771 Β.
912 749 1084 771 ΔἸἮΔΝΔΒΙΙ

341 833 482 862 CONTRA
500 826 654 862 AMANOS
667 853 674 867 ,
696 832 743 860 AD
762 831 1072 861 HONOllATlSSlMOS
1091 831 1125 860 IN
1145 831 1190 859 AF
1192 831 1275 860 RlCA
1291 831 1491 861 EPISCOPOS.

127 1001 155 1028 1.
179 998 269 1027 Ἱκανὰ
286 999 334 1036 μὲν
347 1001 381 1028 τὰ
395 1001 535 1036 γραφέντα
549 1001 626 1038 παρά
635 1010 666 1029 τε
675 1001 723 1029 τοῦ
736 1001 870 1037 ἀγαπητοῐ

966 1000 1046 1035 ’112
1061 999 1088 1027 1.
1100 999 1174 1027 Satis
1185 999 1295 1035 quidem
1315 1003 1381 1027 sunt
1391 1006 1452 1035 quae
1464 1006 1480 1027 a
1493 999 1594 1028 dilecto
1606 1003 1634 1027 ct
1645 985 1720 1028 com-

90 1045 139 1073 καὶ
150 1045 355 1082 συλλειτουργοῦ
365 1046 444 1082 ἡμῶν
454 1046 592 1082 Δαμάσου,
612 1046 658 1074 τοῦ
671 1047 821 1074 ἐπισκόπου
830 1046 879 1082 τῆς

90 1091 214 1127 μεγάλης
233 1091 357 1128 Ῥώμης,
382 1092 428 1119 καὶ
454 1092 508 1119 τῶν
534 1093 582 1120 σὺν
602 1092 676 1128 αὐτῷ
691 1092 824 1120 τοσούτων
838 1092 878 1128 (7)

89 1137 271 1164 συνελθόντων
285 1138 457 1165 ἐπισκόπων·
475 1139 552 1165 οὐδὲν
563 1138 592 1165 δὲ
603 1136 685 1174 ἦττον
703 1138 751 1165 καὶ
770 1138 804 1165 τὰ
822 1137 878 1165 τῶν

86 1183 178 1211 ἄλλων
192 1183 345 1219 γενομένων
358 1184 473 1211 συνόδων
492 1184 521 1211 ἐν
543 1192 572 1210 τε
596 1185 630 1219 τῇ
655 1184 756 1220 Γαλλίᾳ
779 1184 827 1211 καὶ
842 1184 876 1219 τῇ

93 1229 195 1266 Ἰταλίᾳ
217 1229 282 1266 περὶ
316 1228 368 1265 τῆς
393 1230 566 1266 ὑγιαινούσης
592 1230 629 1266 (8)
658 1230 785 1263 πίστεως,
814 1231 847 1266 ἣν
863 1231 877 1257 ὁ

89 1277 141 1312 μὲν
157 1276 273 1312 Χριστὸς
287 1276 442 1312 ἐχαρίσατο,
466 1277 490 1303 οἱ
510 1276 538 1303 δὲ
561 1276 703 1303 ἀπόστολοι
728 1276 874 1312 ἐκήρυξαν,

85 1323 136 1350 καὶ
150 1323 175 1349 οἱ
190 1323 310 1359 Πατὲρες
325 1321 546 1359 παραδεδώκασιν
557 1323 581 1349 oi
599 1323 628 1349 ὲν
646 1324 679 1358 τῇ
696 1322 797 1358 Νικαίᾳ
814 1331 876 1349 συν-

85 1367 210 1399 ελθόντες
219 1368 273 1395 ἀπὸ
282 1368 371 1404 πάσης
379 1368 428 1404 τῆς
435 1367 496 1394 καθ’
504 1369 577 1403 ἡμᾶς
583 1368 755 1404 οἰκουμένης.
771 1368 875 1396 Τοσαύ-

83 1422 121 1448 τη
139 1413 176 1448 (9)
197 1413 251 1450 γὰρ
267 1414 363 1448 γέγονε
390 1414 451 1440 τότε
479 1413 581 1449 σπουδὴ
599 1413 643 1440 διὰ
665 1414 714 1450 τὴν
732 1414 874 1450 Ἀρειανὴν

83 1460 203 1495 αἵρεσιν,
219 1460 263 1487 ῐνα
273 1461 298 1486 οἱ
308 1459 357 1496 μὲν
370 1460 546 1492 πεπτωκότες
556 1461 596 1492 εἰς
605 1460 689 1496 αὐτὴν
698 1460 875 1488 ἀνασπασθῶ-

84 1514 140 1538 σιν,
155 1507 180 1533 οἱ
192 1506 220 1533 δὲ
237 1506 398 1541 ἐφευρόντες
408 1506 515 1542 ἔκδηλοι
537 1506 669 1541 γένωνται
697 1506 764 1543 (10).
781 1507 873 1544 Ταύτῃ

82 1553 152 1588 γοῦν
167 1553 213 1580 καὶ
223 1552 306 1580 πάλαι
317 1553 392 1580 πᾶσα
406 1553 422 1588 ἡ
433 1552 579 1589 οἰκουμένη
590 1551 792 1588 συμπεφώνηκε
805 1552 870 1588 (11),

81 1597 132 1625 καὶ
146 1597 193 1625 νῦν
208 1598 237 1625 δὲ
248 1597 353 1625 πολλῶν
367 1597 483 1624 συνόδων
496 1598 663 1633 γενομένων,
684 1596 872 1632 ὑπομνησθέν-

81 1652 129 1675 τες
142 1643 243 1675 πάντες
256 1644 283 1670 of
292 1652 322 1670 τε
332 1643 403 1670 κατὰ
412 1643 461 1679 τὴν
474 1643 629 1679 Δαλματίαν
639 1643 706 1679 (12),
716 1644 762 1670 καὶ
773 1644 873 1679 Δαρδα-

929 1046 1056 1074 ministro
1067 1050 1162 1074 nostro
1175 1045 1295 1073 Damaso
1313 1053 1419 1081 magnae
1435 1045 1527 1074 Romae
1540 1047 1677 1082 episcopo,
1691 1051 1717 1075 et

927 1100 943 1120 a
955 1096 995 1120 tot
1008 1092 1145 1128 episcopis
1159 1099 1212 1120 una
1232 1099 1294 1120 cum
1319 1092 1365 1119 illo
1381 1092 1494 1125 coactis,
1511 1100 1561 1120 nec
1579 1093 1670 1122 minus
1685 1101 1717 1121 ea

926 1144 988 1172 qua
1001 1137 1035 1164 ab
1048 1136 1109 1165 aliis
1128 1136 1240 1172 synodis
1253 1137 1281 1164 in
1290 1136 1377 1164 Gallia
1390 1141 1417 1165 et
1430 1137 1458 1164 in
1470 1137 1546 1165 italia
1562 1138 1716 1172 celebratis,

926 1183 1028 1218 scripta
1046 1188 1110 1211 sunt
1122 1183 1156 1211 de
1170 1191 1237 1211 sana
1253 1187 1281 1211 et
1296 1183 1446 1211 orthodoxa
1459 1184 1512 1212 ﬁde
1525 1193 1532 1211 :
1546 1192 1629 1220 quam
1641 1185 1718 1213 Chri-

925 1233 985 1258 stus
996 1230 1111 1265 largitus
1122 1234 1174 1263 est,
1192 1229 1309 1265 apostoli
1322 1230 1515 1265 praedicarunt,
1527 1236 1554 1259 et
1560 1239 1643 1266 quam
1656 1236 1714 1260 tra-

925 1274 1017 1302 didere
1027 1274 1132 1309 Patres,
1147 1275 1194 1310 qui
1210 1283 1244 1303 ex
1261 1275 1391 1304 universo
1406 1275 1472 1303 orbe
1487 1282 1581 1304 nostro
1596 1275 1714 1305 Nicaeam

925 1326 1121 1349 convenerunt.
1133 1320 1196 1348 Ideo
1206 1321 1279 1349 enim
1295 1326 1369 1349 tanta
1378 1322 1563 1350 sollicitudine
1572 1323 1605 1350 de
1613 1323 1715 1351 Ariana

925 1367 1020 1395 haeresi
1039 1371 1129 1395 actum
1146 1366 1208 1399 fuit.
1229 1373 1260 1394 ut
1273 1368 1319 1403 qui
1339 1368 1367 1394 in
1388 1375 1450 1396 eam
1476 1369 1544 1404 lapsi
1562 1374 1666 1401 essent.
1678 1370 1714 1396 ab

923 1421 955 1441 ea
968 1413 1182 1447 retraherentur,
1200 1418 1228 1441 et
1253 1419 1282 1441 ut
1308 1409 1366 1441 noti
1381 1413 1471 1442 forent
1496 1419 1623 1443 auctores
1642 1415 1712 1450 ejus.

923 1459 994 1488 liuic
1005 1459 1088 1495 igitur
1098 1464 1172 1487 totus
1184 1460 1248 1487 olim
1260 1460 1380 1488 assensit
1391 1460 1477 1493 orbis,
1489 1465 1514 1488 et
1529 1461 1581 1489 hoc
1593 1465 1714 1495 tempore

923 1507 1111 1542 compluribus
1125 1507 1268 1533 celebratis
1284 1507 1415 1540 synodis.
1438 1507 1535 1533 moniti
1548 1513 1644 1534 omnes
1663 1513 1714 1541 per

922 1551 1095 1584 Dalmatiam,
1109 1551 1284 1584 Dardaniam,
1300 1550 1498 1586 Macedoniam,
1515 1551 1624 1587 Epiros,
1637 1551 1713 1580 Grae-

921 1597 1003 1630 ciam,
1019 1597 1138 1630 Cretam,
1149 1603 1176 1625 et
1189 1597 1257 1625 alias
1276 1597 1391 1630 insulas,
1407 1596 1539 1631 Siciliam,
1550 1597 1670 1633 Cyprum
1685 1602 1713 1625 et

921 1642 1127 1679 Pamphyliam,
1142 1642 1264 1678 Lyciam,
1283 1642 1433 1676 Isauriam,
1454 1643 1609 1671 universam
1627 1643 1712 1679 Egy-

81 1690 153 1722 νίαν,
163 1691 210 1716 καὶ
228 1689 408 1722 Μακεδονίαν,
428 1689 575 1725 Ἦπείρους
588 1698 618 1716 τε
631 1691 678 1716 καὶ
691 1689 868 1725 τὴνἙλλάδα,

924 1695 1008 1725 ptum,
1024 1689 1134 1725 Libyas,
1145 1693 1172 1716 et
1181 1689 1304 1724 plerique
1321 1689 1476 1723 exArabia,
1495 1689 1566 1717 hanc
1586 1697 1712 1725 compro-

81 1737 132 1764 καὶ
155 1737 277 1772 Κρήτην,
293 1736 340 1763 καὶ
355 1735 405 1767 τὰς
417 1735 501 1768 ἄλλας
512 1736 621 1770 νήσους,
633 1735 758 1764 Σικελίαν
777 1745 807 1763 τε
826 1736 872 1763 καὶ

80 1781 205 1817 Κύπρον,
222 1783 269 1808 καὶ
281 1781 444 1817 Παμφυλίαν
462 1781 529 1816 (15),
543 1781 647 1809 Λυκίαν
662 1790 693 1808 τε
708 1782 756 1809 καὶ
783 1783 872 1809 Ἰσαυ-

81 1827 153 1862 ρίαν,
170 1826 218 1853 καὶ
230 1827 320 1853 πᾶσάν
332 1835 362 1853 τε
373 1827 424 1862 τὴν
434 1827 571 1861 Αἴγυπτον
583 1827 690 1860 καὶτὰς
702 1827 815 1860 Λιϐύας,
823 1827 870 1855 καὶ

79 1873 202 1899 πλεῖστοι
214 1872 267 1899 τῶν
283 1873 312 1899 ὲν
324 1874 357 1908 τῇ
377 1872 492 1908 ’Δραϐίᾳ
503 1873 606 1909 ταύτην
623 1874 679 1910 (14)
699 1874 869 1908 ἐπέγνωσαν

78 1919 129 1945 καὶ
143 1918 302 1954 ἐθαύμασάν
312 1927 342 1944 τε
354 1918 417 1950 τοὺς
429 1919 651 1954 ὑπογράψαντας,
663 1920 704 1947 ὅτι
713 1940 721 1953 ,
733 1921 758 1946 εἰ
773 1921 820 1947 καί
842 1929 869 1947 τι

79 1964 284 2000 περιελέλειπτο
294 1973 332 1990 πα
337 1965 360 2000 ρ’
373 1964 464 1996 αὐτοῖς
475 1965 507 1991 ὲκ
512 1965 562 2000 τῆς
571 1965 649 2001 ῥίζης
657 1966 712 1992 τῶν
720 1966 867 2002 Ἀρειανῶν

78 2011 137 2038 ἄνω
151 2010 257 2044 φύουσα
266 2011 375 2047 πικρία,
387 2010 532 2043 Αὑξέντιόν
540 2020 630 2047 φαμεν
641 2013 688 2039 καὶ
702 2013 739 2039 Οὐ
745 2013 868 2049 ρσάκιον,

77 2057 128 2084 καὶ
135 2057 273 2084 Οὐάλεντα
284 2058 400 2090 καὶτοὺς
408 2058 443 2085 τὰ
449 2058 520 2085 αὐτὰ
528 2058 692 2094 φρονοῦντας
699 2059 791 2091 αὐτοῖς
800 2059 867 2095 (15),

75 2103 123 2131 διὰ
136 2104 190 2130 τῶν
205 2105 376 2140 γραμμάτων
387 2105 488 2132 τούτων
503 2105 672 2141 ὲξεκάπησαν
693 2105 740 2132 καὶ
764 2105 870 2132 ἀπελεί-

77 2149 197 2185 φθησαν.
206 2150 296 2178 Ἱκανὰ
306 2151 355 2186 μὲν
366 2148 413 2178 οὖν
421 2151 455 2178 τὰ
462 2152 490 2178 ἐν
502 2152 534 2186 τῇ
547 2150 650 2186 Νικαίᾳ
657 2149 866 2186 ὁμολογηθέντα,

75 2197 124 2223 καὶ
137 2196 273 2232 αὐτάρκη,
290 2197 362 2224 καθὰ.
374 2197 541 2233 προείπομεν
553 2216 560 2229 ,
581 2197 651 2233 πρός
665 2205 694 2223 τε
707 2196 866 2232 ἀνατροπὴν

75 2243 168 2278 πάσης
194 2243 309 2275 ἀσεῆοὗς
327 2243 472 2279 αἱρέσεως.
498 2245 544 2270 καὶ
564 2243 633 2279 πρὸς
656 2242 807 2278 ἀσφάλειαν
820 2243 868 2270 καὶ

74 2289 212 2324 ὠφέλειαν
225 2289 276 2324 τῆς
295 2289 526 2324 ὲκκλησιαστικῆς
546 2289 732 2321 διδασκαλίας.
755 2289 866 2324 Ἐπειδὴ

74 2335 104 2362 δὲ
123 2335 298 2371 ἠκούσαμεν,
317 2336 358 2362 ὅτι
369 2336 450 2368 τινὲς,
468 2334 625 2370 βουλόμενοι
647 2335 703 2372 (16)
729 2334 866 2370 μάχεσθαι

108 2441 150 2482 (6)
161 2440 365 2482 _Scripta‘anno
379 2440 486 2482 circiter
501 2437 861 2482 369.-Titulusi1nAnglic"
876 2440 897 2469 c

73 2472 122 2503 τοῦ
138 2472 380 2513 αὺτοῦ-πρὸςντοὺς
404 2476 433 2502 ἑν
461 2475 577 2513 ’Λφρικῇ
598 2472 861 2513 τιμιωτάτους-ἑπι-

75 2513 205 2544 σκόπους.
222 2508 407 2538 Τιίεοιιθιθιυε
423 2508 504 2543 vero,
515 2508 589 2540 liin.
605 2517 663 2542 cap.
683 2508 709 2536 8.
722 2512 752 2544 _e_t
766 2508 812 2535 lib.
830 2515 861 2544 tl,

74 2555 137 2581 cap.
157 2542 202 2578 Ξῖ,
223 2546 324 2573 Histor.
343 2545 501 2577 ecclesiast.,
519 2548 598 2571 vocat
627 2542 770 2581 ἐπιστολὴν
795 2543 862 2581 προς

75 2578 210 2617 Ἀφρους.
249 2581 276 2609 In
307 2581 391 2617 Regio
416 2582 517 2614 deest,
544 2579 724 2615 τιμιωτάτους
753 2578 864 2604 ἐπισκό-

62 2624 68 2631 ¹
77 2626 155 2644 πους.

124 2626 128 2642 ι
147 2637 155 2644 η

124 2626 149 2684 7c)
169 2652 346 2688 Anglicanus.
361 2651 475 2678 καὶτῶν
489 2652 518 2678 ἐν
529 2651 596 2688 αὐτῇ
610 2648 755 2677 τοσούτων.

124 2688 150 2722 8)
171 2687 347 2722 Anglicanus,
361 2688 411 2722 τῆς
425 2687 600 2722 συνενούσης.

113 2723 151 2757 (9)
171 2722 349 2757 Anglicanus,
364 2722 487 2758 τοιαύτη.

113 2754 169 2793 (ill)
189 2754 364 2793 Anglicanus,
379 2758 418 2789 είς
433 2754 519 2793 αὐτὴν
535 2756 697 2784 ἀναστῶσιν·
705 2755 729 2782 οἱ
740 2754 769 2781 δὲ
780 2756 858 2790 ἐφευ-

76 2793 170 2828 ρόντες
182 2792 275 2828 ἄδηλοι
289 2793 348 2827 (sic)
364 2792 505 2826 yévmvmt;

111 2830 167 2863 (ll)
187 2825 452 2863 An‘glicénusﬁrida
469 2828 517 2862 μὲν
541 2828 558 2863 ἡ
580 2826 728 2862 οἰκουμένη
739 2825 859 2862 συνεφώ-

79 2871 152 2892 mos.
169 2862 238 2892 Mox'
245 2864 325 2894 idem.
341 2862 488 2896 γινοιιένων

924 1736 1024 1763 barunt
1040 1744 1048 1762 :
1068 1735 1250 1771 admiratique
1267 1740 1333 1764 sunt
1350 1744 1398 1764 eos
1412 1737 1458 1772 qui
1477 1737 1709 1772 su‘bscripserant.

922 1780 986 1815 quia
1001 1781 1105 1808 scilicet
1119 1781 1141 1809 si
1157 1789 1212 1816 qua
1225 1781 1296 1817 apud
1314 1782 1376 1810 illos
1391 1790 1426 1810 ex
1438 1782 1610 1812 Arianorum,
1621 1784 1711 1814 radice

922 1826 1031 1854 residua
1042 1830 1101 1854 erat
1114 1833 1224 1854 sursum
1236 1827 1372 1862 pullulans
1383 1828 1549 1861 amaritudo,
1558 1828 1710 1857 Auxentius

922 1880 1030 1907 nempe,
1040 1871 1183 1906 Ursacius,
1197 1872 1306 1907 Valens,
1316 1878 1343 1901 et
1361 1874 1408 1909 qui
1427 1874 1553 1902 eamdem
1568 1883 1650 1911 quam
1664 1877 1709 1906 isti

922 1924 1032 1947 tuentur
1047 1919 1228 1953 sententiam;
1241 1921 1290 1953 illi,
1303 1920 1427 1956 inquam,
1439 1921 1490 1956 ipsi
1504 1929 1552 1956 per
1563 1930 1595 1950 ea
1609 1922 1708 1958 scripta

922 1965 1038 1994 abscissi
1069 1966 1218 2002 rejectique
1244 1966 1360 1994 furerent.
1385 1966 1529 1996 Sufﬁciunt
1551 1968 1644 2003 itaque
1665 1976 1710 1996 sa-

921 2012 1011 2047 tisque
1025 2017 1101 2047 sunt,
1110 2013 1150 2041 uti
1161 2021 1245 2049 supra
1256 2014 1386 2046 diximus,
1398 2013 1506 2043 Nicacna
1517 2015 1706 2046 dc:creta.curn

920 2058 953 2085 ad
968 2058 1175 2086 subversionem
1185 2059 1274 2086 omnis
1286 2058 1377 2094 impiae
1389 2059 1533 2091 haereseos,
1544 2064 1600 2087 tum
1616 2059 1650 2087 ad
1664 2063 1708 2087 ιι)-

921 2103 1001 2130 telam
1031 2104 1233 2139 utilitatemque
1256 2104 1449 2132 ecclesiasticae
1471 2104 1613 2132 doctrinae.
1637 2103 1706 2138 Quia

919 2155 1010 2177 tamen
1024 2150 1179 2179 audivimus
1192 2150 1339 2178 nonnullos
1356 2150 1437 2184 hujus
1452 2151 1642 2185 oppugnandae
1656 2158 1705 2178 cun

918 2197 1007 2231 pidos.
1018 2197 1164 2231 quamdam
1175 2196 1308 2233 synodum
1322 2196 1401 2232 quasi
1411 2196 1527 2224 Arimini
1540 2196 1704 2224 celebratam

918 2243 946 2270 in
958 2242 1076 2270 medium
1089 2243 1193 2275 all‘erre,
1203 2248 1285 2279 atque
1295 2251 1403 2271 omnem
1413 2250 1522 2271 movere
1533 2242 1661 2277 lapidem,
1676 2249 1706 2270 ut

918 2295 961 2318 ea.
972 2288 1062 2322 potius
1070 2295 1151 2323 quam
1165 2287 1286 2321 Nicaena,
1295 2289 1434 2320 obtineat;
1451 2295 1563 2315 necesse
1575 2287 1704 2315 duximus

918 2341 967 2361 vos
978 2333 1076 2361 litteris
1087 2341 1198 2361 mouere
1206 2335 1317 2366 nostris,
1331 2339 1361 2362 ut
1369 2342 1403 2362 ne
1410 2333 1565 2370 hujusmodi
1579 2334 1703 2362 homines

950 2437 1006 2473 (12)
1025 2436 1200 2473 Anglicanus,
1212 2438 1236 2464 ol
1252 2437 1322 2465 κατὰ
1335 2437 1385 2473 τὴν
1399 2432 1559 2473 Δελματίαν,
1574 2436 1622 2473 καὶ
1632 2436 1702 2472 Δαρ-

915 2471 1018 2504 δανίαν,
1033 2473 1080 2499 καὶ
1094 2471 1176 2504 ἄλλας
1190 2473 1299 2505 νήσους.
1318 2473 1351 2499 Et
1363 2471 1401 2499 ita
1418 2472 1482 2504 legit
1496 2472 1628 2498 Nannius.

952 2482 1018 2504 νιαν,
1033 2482 1080 2499 και
1094 2482 1176 2504 αΑΛας
1190 2482 1204 2499 ν
1226 2482 1299 2505 σους.
1318 2482 1351 2499 bl
1366 2482 1401 2499 Ila
1418 2482 1482 2504 ιθςζιι
1496 2482 1628 2498 l‘alllllus.

952 2507 1007 2542 (15)
1027 2506 1064 2534 Ita
1081 2508 1188 2544 liegius.
1206 2482 1287 2542 Editi,
1309 2506 1476 2544 Παμφιλίαν.
1493 2506 1522 2534 Ιι]
1546 2507 1651 2539 eodem,
1671 2515 1701 2533 τε

915 2547 977 2577 post
995 2544 1093 2573 πᾶσαν,
1109 2543 1238 2573 deletum.

953 2578 1010 2612 (14)
1029 2579 1068 2604 ita
1085 2577 1195 2612 Regius.
1218 2577 1290 2605 Editi
1310 2585 1375 2605 vero
1389 2582 1416 2605 et
1429 2577 1484 2610 alii,
1496 2578 1592 2608 ταυτα,
1610 2576 1701 2604 minus

915 2617 996 2640 recte.
1022 2612 1123 2640 Ibidem
1142 2613 1300 2647 Anglicano,
1316 2612 1474 2647 ἐθαύμασάν
1487 2620 1530 2646 γε.
1548 2612 1608 2639 Mox
1622 2612 1700 2647 pediti

914 2654 977 2675 ante
989 2649 1040 2679 ὅτι,
1054 2648 1154 2683 habet“
1168 2646 1224 2679 καί,
1240 2656 1301 2683 quae
1316 2646 1446 2682 particula
1460 2648 1535 2683 deest
1561 2647 1587 2673 in
1616 2646 1699 2683 Regio

912 2689 939 2710 et
950 2683 1109 2718 Anglicano.
1126 2681 1212 2710 Paulo
1223 2681 1284 2718 post
1296 2681 1473 2718 Anglicanus,
1482 2682 1536 2708 τῶν
1550 2681 1698 2717 Ἀρειανῶν

911 2718 1068 2752 ἀναφύουσα
1081 2718 1203 2754 πικρίαν.

945 2749 1001 2789 (f5)
1021 2749 1197 2789 Anglicabus,
1215 2753 1315 2784 αὐτοῖς.
1333 2749 1412 2779 Οὗτοι
1431 2752 1476 2780 διὰ
1495 2752 1549 2779 τῶν
1565 2749 1699 2788 γραμμά-

909 2797 973 2816 των.

947 2824 1003 2859 (16)
1024 2824 1197 2859 Anglicanus,
1213 2823 1412 2859 βουλευόμενοι.
