1954 3041
122 126 191 154 1037

633 122 800 150 EPISTOLA
818 121 863 148 AD
883 119 998 149 AFROS
1018 120 1219 148 EPISCOPOS.

1679 118 1748 147 ωδε

121 179 344 218 περιϐομϐοῦσιν,
358 180 396 212 ὡς
407 179 547 212 κώνωπες,
563 178 699 214 πανταχοῦ
716 179 781 214 περ).
797 177 846 213 τῆς
864 177 908 204 λέ-

965 176 1090 203 simulant
1103 183 1132 204 se
1146 183 1208 203 cum
1224 174 1332 203 Nicaana
1352 174 1456 210 synodo
1474 182 1594 210 pugnare
1607 195 1615 208 ,
1640 175 1675 203 de
1695 184 1748 210 qua

122 228 201 262 ξεως,
214 227 230 264 ἢ
243 227 281 259 ὡς
291 227 449 262 ἀγνοοῦντες
458 226 676 263 προσκόπτουσιν
693 226 733 257 είς
742 225 818 255 αὐτὸ,
835 224 874 255 ὡς
885 225 910 250 οι

122 273 340 304 ποοσκόπτοντες
364 271 419 307 (45)
436 272 476 304 είς
498 271 544 298 τὸν
561 271 673 298 τεθέντα
697 269 770 296 λίθον
791 270 820 295 ὲν
843 268 912 295 Σιὼν

123 307 378 354 προσκόμματος-ἢ
396 317 559 351 γινώσκουσι
575 317 639 352 μὲν,
657 316 700 343 διὰ
718 315 797 342 τοῦτο
811 315 839 341 δὲ
861 315 912 350 μά-

122 373 214 400 χονται
229 365 275 391 καὶ
291 364 410 399 συνεχῶς
426 364 616 398 γογγύζουσιν,
632 364 672 389 ὅτι
687 361 759 389 κατὰ
772 363 821 397 τῆς
838 361 913 397 αἰρέ-

123 409 191 442 σεώς
206 411 280 436 ἐστιν
289 409 380 436 αὐτῶν
397 409 504 444 ἀληθῶς
513 409 583 445 αὕτη
598 409 647 435 κα).
667 408 785 444 ἀκριϐὴς
805 407 913 441 ἀπόφα-

124 464 175 488 σις.
204 457 242 483 Οὐ
259 455 313 491 γὰρ
338 456 367 482 αἰ
381 455 468 488 λέξεις
491 455 590 487 αὐτοὺς
610 454 757 485 λυποῦσιν,
774 453 830 479 ἀλλ’
850 453 865 488 ή
884 454 912 479 ἐν

122 502 192 538 αὐτῇ
207 501 341 537 γενομένη
361 501 524 536 κατάκρισις
548 500 648 528 αὐτῶν.
677 499 733 527 Καὶ
760 499 863 525 τούτων
883 498 913 525 δὲ

123 548 204 575 πάλιν
217 548 298 574 αἴτιοι
312 549 458 583 γεγόνασιν
470 548 558 579 αὐτοὶ,
579 547 626 574 καὶ
647 547 671 573 ei
686 546 765 572 τοῦτο
781 545 913 581 κρύπτειν

122 593 199 620 αὐτοὶ
214 593 329 626 θέλουσι,
348 594 436 620 καίτοι
451 592 648 628 γινώσκοντες,
676 591 733 619 ἀλλ’
756 592 829 626 ἡμᾶς
851 590 914 617 ἀκό-

122 638 217 666 λουθον
233 641 320 666 εἰπεῖν
331 648 337 654 ·
363 639 407 666 ἵνα
421 639 469 666 κα).
489 640 521 665 ἐκ
535 639 638 665 τούτων
663 639 679 673 ἡ
700 637 769 673 μετὰ
785 636 914 672 ἀληθείας

123 685 251 721 ἀκρίϐεια
264 685 314 720 τῆς
331 685 452 722 μεγάλης
467 685 576 712 συνόδου
591 684 695 719 δειχθῇ.
709 683 769 710 Τῶν
780 683 834 718 γὰρ
850 691 913 709 συν-

123 731 253 758 ελθόντων
276 732 434 758 ἐπισκόπων
458 731 628 766 βουλομένων
644 729 694 762 τὰς
707 729 756 765 μὲν
771 729 846 765 παρὰ
860 728 914 756 τῶν

130 777 277 812 ’Δρειανῶν
288 777 344 813 (46)
352 777 544 813 ἐφευρεθείσας
558 777 607 811 τῆς
621 776 748 807 ἀσεϐείας
766 775 853 807 λέξεις
871 775 915 802 ἀν-

122 821 207 848 ελεῖν·
224 821 254 848 τὸ
270 822 314 854 Ἐξ
336 823 386 848 οὐκ
397 822 498 848 ὄντων·
516 822 564 848 κα)⁸
589 822 619 848 τὸ
642 821 731 855 λέγειν
750 821 852 856 κτίσμα
867 820 914 847 καὶ

963 222 1036 249 velut
1057 222 1159 249 culices
1183 221 1398 256 circumquaque
1425 227 1592 254 susurrant;
1616 221 1644 248 in
1674 222 1748 248 illam

963 272 1035 296 certe
1049 268 1089 295 vel
1107 268 1264 302 ignorantes
1279 267 1444 302 impingunt,
1462 267 1694 302 quemadmodum
1712 268 1750 295 illi

963 313 1007 340 alii
1025 313 1072 348 qui
1086 313 1241 348 impingunt
1254 313 1281 339 in
1306 312 1422 347 lapidem
1444 312 1565 340 scandali
1581 313 1699 347 positum
1722 313 1749 340 in

964 358 1028 386 Sion
1042 359 1085 392 a°;
1109 366 1167 393 aut,
1185 359 1248 386 licet
1273 358 1346 386 illam
1374 359 1460 394 probe
1483 359 1584 391 norint,
1607 365 1750 394 propterea

963 406 1104 433 decertant
1128 413 1179 433 nec
1198 409 1308 433 cessant
1333 406 1553 436 obmurmurare,
1576 406 1648 441 quod
1664 414 1694 433 ea
1716 407 1752 433 sit

963 459 1025 478 vera
1051 457 1077 479 ct
1095 456 1223 479 accurata
1244 456 1339 479 contra
1366 459 1445 479 suam
1471 452 1587 479 haeresi!)
1606 453 1749 480 sententia.

963 497 1021 525 Non
1034 498 1106 525 enim
1122 498 1160 525 illi
1175 498 1256 525 verba
1274 498 1387 526 moleste
1403 498 1503 531 ferunt,
1522 501 1567 526 sed
1593 507 1672 526 suam
1696 500 1752 527 illic

963 544 1098 579 prolatam
1113 544 1326 571 damnationem.
1343 543 1500 580 ﬂorumque
1517 553 1612 572 rursus
1625 550 1751 574 auctores

965 590 1003 617 illi
1024 595 1099 620 sunt.
1117 590 1225 618 tametsi
1244 598 1301 617 rem
1319 590 1371 618 sibi
1398 591 1483 625 probe
1505 595 1597 618 notam
1622 591 1752 619 dissimu-

964 637 1031 669 lant,
1047 636 1128 671 715
1143 644 1229 672 quare
1244 644 1293 671 par
1309 636 1392 664 fuerit
1407 640 1436 664 ut
1450 636 1501 671 ipsi
1516 644 1680 671 narremus;
1696 646 1752 673 quo

964 683 1028 710 hinc
1039 688 1166 710 accurata
1185 690 1291 718 magnae
1312 683 1409 718 synodi
1425 683 1564 718 diligentia
1580 684 1750 712 ostendatur.

964 727 1031 755 Cum
1054 728 1154 756 vellent
1178 728 1252 755 enim
1276 728 1396 772 epilscopi
1420 728 1575 763 congregati
1597 728 1694 763 impias
1717 728 1751 755 ah

964 773 1073 801 Arianis
1090 774 1250 801 adinventas
1273 781 1356 801 voces
1372 781 1387 800 e
1405 773 1493 800 medio
1518 773 1630 806 tollere,
1654 781 1751 808 nempe

965 818 1041 851 illud,
1056 826 1088 845 ex
1102 826 1155 846 non
1169 817 1341 846 exstantibus
1355 826 1361 844 :
1379 816 1445 844 illud
1461 824 1570 852 quoque
1580 817 1653 852 quod
1664 817 1750 849 aiunt.

122 867 229 902 ποίημα
243 867 289 894 τὸν
302 867 366 894 Υἱόν
375 875 382 882 ο
395 867 454 899 καὶ,
466 864 520 894 Ἤν
536 875 612 898 ποτε,
629 867 674 893 ὅτε
688 866 738 893 οὐκ
751 863 785 901 ἦν
794 874 801 880 ·
814 866 862 892 κα).
871 866 911 892 ὅτι

965 869 1116 892 creaturam
1130 869 1157 892 et
1173 871 1230 891 rem
1245 863 1344 891 factam
1365 863 1463 891 Filium
1472 871 1548 892 esse:
1568 867 1595 891 et
1610 864 1686 897 illud,
1705 863 1753 891 ali-

121 913 242 948 τρεπτῆς
263 913 320 939 ἐστι
339 912 461 947 φύσεως·
475 912 525 944 τὰς
536 912 564 939 δὲ
577 913 632 940 τῶν
641 913 758 949 Γραφῶν
768 912 913 948 ὁμολογου-

124 957 208 993 μένας
219 957 339 992 γράψαι·
353 958 394 984 ὅτι
409 966 438 984 τε
453 958 486 984 ὲκ
496 957 542 984 τοῦ
559 957 627 985 Θεοῦ
646 959 679 993 τῇ
700 958 779 992 φύσει
795 957 850 992 (47)
866 966 914 993 μο-

123 1003 234 1039 νογενής
249 1004 322 1029 ἐστιν
340 1004 355 1029 ὁ
367 1003 462 1037 Λόγος,
475 1003 599 1039 δύναμις,
617 1004 699 1038 σοφία
712 1004 780 1040 μόνη
792 1003 839 1031 τοῦ
855 1004 912 1031 Πα-

121 1049 196 1086 τρδς,
222 1049 288 1082 Θεὸς
302 1049 438 1085 ἀληθινὸς,
463 1050 501 1082 ὼς
515 1048 592 1077 εἶπεν
607 1051 621 1077 ό
640 1051 780 1086 Ἰωάννης·
806 1051 853 1077 κα),
874 1050 913 1083 ὡς

121 1094 240 1130 ἔγραψεν
254 1095 268 1121 ό
282 1094 397 1127 Παῦλος,
417 1095 586 1130 ἀπαύγασμα
603 1096 653 1131 τῆς
662 1095 751 1130 δόξης,
769 1095 816 1122 καὶ
825 1104 912 1131 χαρα-

121 1140 193 1175 κτὴρ
208 1141 258 1176 τῆς
270 1139 316 1166 τοῦ
333 1140 439 1176 Πατρδς
448 1141 624 1173 ὑποστάσεως
636 1149 644 1156 ·
657 1141 682 1168 oi.
695 1141 760 1177 περὶ
772 1141 912 1174 Εὑσέόιον,

122 1185 175 1212 ὑπὸ
185 1186 235 1220 τῆς
251 1186 318 1218 ιδίας
333 1185 492 1219 κακοδοξίας
506 1187 657 1222 ἑλκόμενοι,
672 1186 809 1215 διελάλουν
832 1187 914 1223 ἀλλή-

82 1234 87 1240 ”
121 1232 194 1264 λοις·
216 1232 392 1268 Συνθὼμεθα·
416 1233 532 1269 καὶγὰρ
549 1234 595 1260 καὶ
615 1234 695 1269 ἡμεῖς
718 1234 750 1260 ὲκ
777 1233 823 1260 τοῦ
846 1232 912 1260 Θεοῦ

121 1279 220 1314 ἐσμεν·
235 1276 276 1310 εἷς
287 1279 341 1315 γὰρ
355 1279 421 1311 Θεὸς
431 1300 437 1311 ,
450 1279 485 1312 ἐξ
501 1277 536 1307 οὗ
550 1279 586 1307 τὰ
597 1279 712 1306 πάντα·
729 1280 785 1312 καὶ,
806 1280 845 1306 Τὰ
862 1280 914 1314 ἀρ-

122 1324 194 1359 χαῖα
207 1323 370 1358 παρῆλθεν,
387 1324 451 1351 won
466 1325 571 1360 γέγονε
581 1324 617 1352 τὰ
628 1324 727 1352 πάντα
743 1325 798 1360 (48)
814 1324 916 1361 καινά..

125 1372 164 1399 Τὰ
173 1371 207 1398 δὲ
222 1371 319 1398 πάντα
332 1371 366 1398 ἐκ
382 1372 432 1398 τοῦ
446 1371 529 1398 Θεοῦ.
556 1371 724 1406 Ἐλογίζοντο
736 1371 764 1398 δὲ
779 1371 826 1399 καὶ
838 1372 869 1398 τὸ
884 1372 914 1398 έν

122 1419 162 1454 τῷ
175 1418 296 1453 Ποιμένι
308 1418 363 1454 (49)
378 1418 482 1454 γραφέν
491 1426 497 1433 ·
511 1417 633 1452 Πρῶτον
655 1418 775 1445 πάντων
790 1419 914 1445 πίστευ-

120 1473 191 1495 σον,
203 1465 246 1491 ὅτι
262 1462 306 1497 εἷς
321 1464 406 1491 ἐστιν
420 1465 436 1490 ό
448 1463 530 1496 Θεὸς,
549 1465 565 1490 ὁ
579 1464 615 1490 τὰ
625 1463 724 1490 πάντα
739 1463 847 1496 κτίσας
864 1463 913 1490 καὶ

123 1511 313 1545 καταρτίσας,
329 1509 379 1537 καὶ
389 1509 520 1543 ποιήσας
530 1510 565 1536 ἐκ
582 1509 634 1537 τοῦ
645 1509 688 1544 μὴ
710 1509 797 1542 ὄντος
817 1511 861 1542 εἰς
879 1509 912 1536 τὸ

121 1543 210 1584 εἶναι.
231 1556 300 1584 Ἀλλ’
315 1557 338 1583 oi
350 1556 503 1588 ἐπίσκοποι,
516 1543 707 1591 θεωρήσαντες
729 1556 779 1592 τὴν
796 1564 915 1591 πανουρ-
927 1543 949 1573 c

124 1603 187 1637 γίαν
201 1602 257 1637 (50)
271 1602 393 1635 ἐκείνων,
407 1601 517 1636 καὶοτὴν
524 1601 573 1637 τῆς
586 1602 713 1634 ἀσεϐείας
727 1601 913 1637 κακοτεχνίαν,

125 1647 284 1683 λευκότερον
303 1648 429 1683 εἰρήκασι
439 1647 470 1674 τὸ
488 1647 521 1674 ἐκ
534 1647 581 1673 τοῦ
605 1647 688 1679 Θεοῦ,
711 1648 759 1674 καὶ
779 1647 913 1683 ἔγραψαν,

123 1694 157 1720 ἐκ
169 1694 218 1729 τῆς
230 1693 322 1725 οὐσίας
340 1693 386 1720 τοῦ
403 1692 470 1720 Θεοῦ
481 1690 551 1719 εἶναι
576 1693 622 1719 τὸν
638 1693 701 1719 Υίόν
714 1700 722 1708 ·
749 1692 794 1719 ἵνα
813 1692 847 1720 τὰ
865 1693 915 1728 μὲν

123 1740 270 1775 κτίσματα,
281 1739 326 1766 διὰ
338 1739 368 1766 τὸ
383 1739 420 1775 μὴ
438 1740 483 1774 ἀφ’
497 1739 602 1766 ἑαυτῶν
619 1739 703 1774 χωρὶς
727 1738 814 1765 αἰτίου
833 1737 913 1770 εἶναι,

124 1786 193 1813 ἀλλὰ
207 1786 293 1822 ἀρχὴν
311 1785 383 1821 ἔχειν
395 1785 443 1813 τοῦ
458 1785 595 1820 γενέσθαι,
620 1785 734 1821 λέγηται
750 1786 782 1812 ὲκ
795 1785 842 1812 τοῦ
858 1785 914 1822 (51)

124 1831 192 1859 Θεοῦ
204 1841 211 1848 ·
230 1833 244 1858 ό
260 1833 288 1859 δὲ
303 1833 366 1864 Υἱὸς
382 1832 461 1868 μόνος
475 1831 540 1863 ἴδιος
554 1833 604 1867 τῆς
620 1831 666 1858 τοῦ
680 1831 787 1867 Πατρὸς
800 1831 894 1863 οὐσίας
906 1839 913 1848 ·

123 1877 203 1905 τοῦτο
220 1878 275 1914 γὰρ
287 1878 351 1905 ἴδιον
367 1878 526 1914 μονογενοῦς
543 1879 590 1905 κα).
604 1877 731 1913 ἀληθινοῦ
744 1878 830 1912 Λόγου
849 1878 916 1914 πρὸς

123 1924 234 1960 Πατέρα
260 1925 327 1960 (52).
350 1924 405 1951 Καὶ
420 1924 486 1960 περ).
512 1924 561 1959 μὲν
576 1924 623 1951 τοῦ
645 1924 800 1960 γεγρᾶιρθαι
818 1925 850 1951 ὲκ
866 1925 915 1960 τῆς

121 1970 216 2002 οὐσίας
232 1971 396 2007 ήπρόερασις
412 1971 493 2006 αὕτη.
520 1970 605 1997 Πάλιν
629 1970 658 1997 δὲ
681 1970 736 1997 τῶν
758 1970 915 1997 ἐπισκόπων

122 2016 287 2052 ἐρωτώντων
296 2017 358 2048 τοὺς
365 2017 509 2048 δοκοῦντας
517 2016 633 2051 ὀλίγους,
642 2017 721 2052 εῐπερ
735 2015 838 2051 λέγοιεν
847 2016 915 2051 (55),

123 2062 171 2088 τὸν
185 2061 248 2088 Υίὸν
258 2062 288 2088 οὐ
304 2063 419 2098 κτίσμα,
435 2062 503 2090 ἀλλά
514 2063 640 2098 δύναμιν,
658 2063 754 2097 σοφίαν
770 2062 855 2098 μόνην
869 2063 916 2089 τοῦ

124 2108 241 2143 Πατρδς,
255 2109 400 2136 καὶείκόνα
415 2110 509 2142 ἀΐδιον,
522 2109 730 2145 ἀπαράλλακτον
743 2109 814 2136 κατὰ
826 2110 916 2137 πάντα

122 2153 170 2181 τοῦ
188 2154 303 2189 Πατρός,
321 2155 368 2182 καὶ
381 2155 447 2182 Θεὸν
461 2156 586 2191 ἀληθινὸν
597 2175 604 2187 ,
630 2154 841 2190 κατελήφθησαν
856 2154 914 2190 (54)

123 2199 149 2224 ot
162 2199 225 2234 περὶ
237 2199 366 2226 Εὐσέϐιον
379 2199 545 2232 διανεύοντες
561 2200 696 2236 ἀλλήλοις,
708 2201 749 2227 ὅτι
766 2201 812 2227 καὶ
829 2199 915 2227 ταῦτα

963 910 1075 946 quando
1094 917 1149 937 non
1163 915 1223 937 erat
1236 905 1244 938 ὲ
1259 914 1296 944 et,
1312 914 1355 938 est
1369 914 1472 938 naturae
1495 910 1656 948 mutabilis;
1671 915 1753 945 atque

964 957 1166 992 Scripturarum
1179 964 1260 985 voces
1271 957 1396 985 omnium
1405 965 1543 986 consensu
1555 963 1678 993 receptas
1690 965 1754 986 con-

963 1003 1103 1036 scribere;
1126 1011 1233 1038 nempe,
1258 1011 1292 1030 ex
1306 1003 1362 1030 Deo
1383 1008 1483 1031 natura
1507 1003 1677 1039 unigenitum
1691 1010 1753 1031 esse

963 1048 1092 1082 Verbum.
1105 1049 1232 1076 virtutem
1247 1054 1274 1077 et
1284 1049 1447 1084 sapientiam
1459 1049 1544 1077 solam
1554 1049 1653 1081 Patris,
1666 1049 1751 1077 Deum

962 1103 1069 1128 verum,
1081 1099 1110 1122 nt
1120 1095 1158 1123 ait
1166 1094 1285 1124 Joannes
1299 1105 1305 1122 :
1320 1100 1357 1129 et,
1372 1099 1403 1123 ut
1413 1096 1524 1131 scripsit
1536 1096 1648 1128 Paulus,
1665 1095 1754 1131 splen-

962 1142 1055 1169 dorem
1071 1141 1173 1177 glorize,
1190 1145 1217 1169 ct
1231 1141 1346 1177 llguram
1360 1141 1522 1169 substantiae
1537 1141 1627 1170 Patris
1643 1151 1649 1169 :
1668 1141 1752 1170 Euse-

963 1187 1035 1215 biani
1049 1187 1169 1223 propriis
1187 1188 1327 1215 errorlbus
1342 1188 1481 1223 pertracti,
1498 1193 1594 1216 mutuo
1613 1189 1753 1224 colloque-

963 1233 1081 1261 bantur:
1100 1233 1134 1261 Iis
1146 1233 1340 1268 assentiamus,
1360 1234 1481 1266 aiebant,
1496 1242 1560 1262 nam
1572 1241 1624 1263 nos
1643 1243 1752 1271 quoque

962 1287 996 1306 ex
1014 1278 1069 1306 Deo
1083 1286 1196 1307 sumus:
1213 1287 1285 1306 unus
1303 1279 1376 1306 enim
1393 1279 1464 1307 Deus
1475 1288 1509 1307 ea:
1533 1288 1584 1315 quo
1606 1281 1695 1308 omnia
1707 1281 1729 1296 “
1743 1289 1751 1308 :

963 1329 1000 1359 et,
1014 1330 1101 1352 vetera
1119 1325 1293 1357 transierunt,
1307 1333 1365 1352 ecce
1376 1325 1449 1360 facta
1473 1331 1534 1353 sunt
1556 1327 1647 1354 omnia
1673 1335 1750 1355 noua.

964 1371 1062 1398 Omnia
1075 1375 1162 1398 autem
1173 1379 1206 1398 ea;
1223 1370 1277 1398 Deo
1286 1371 1319 1398 ".
1336 1371 1499 1406 Cogitabam
1513 1379 1622 1407 quoque
1638 1372 1704 1400 illud
1725 1374 1751 1399 in

964 1416 1076 1445 Pastore
1099 1417 1250 1452 scriptum:
1272 1416 1339 1444 Ante
1355 1417 1447 1444 omnia
1470 1417 1564 1451 crede,
1587 1426 1669 1445 unum
1698 1426 1753 1445 esse

964 1462 1047 1490 Deum
1059 1464 1105 1498 qui
1116 1464 1214 1491 creavit
1231 1467 1256 1490 et
1271 1463 1411 1491 adornavit
1426 1464 1527 1496 omnia,
1547 1468 1573 1491 et
1591 1464 1650 1499 fecit
1671 1472 1702 1492 ea
1720 1472 1753 1492 ιε

965 1517 1017 1536 non
1036 1510 1223 1536 assistentibus
1249 1510 1383 1537 exsistere.
1403 1509 1455 1537 Sed
1481 1509 1619 1545 Episcopi,
1644 1511 1752 1538 illorum

965 1555 1112 1588 vafritiem,
1136 1560 1164 1583 et
1180 1563 1293 1590 pravum
1310 1556 1457 1591 impietatis
1480 1556 1625 1584 artiﬁcium
1641 1557 1752 1592 conspi-

964 1602 1029 1634 cati,
1050 1601 1126 1634 illud,
1142 1609 1175 1629 ex
1192 1601 1258 1634 Deo,
1279 1601 1410 1636 liquidius
1430 1601 1620 1636 explicarunt:
1636 1596 1752 1630 Filium-

965 1656 1018 1683 que
1043 1656 1076 1675 ex
1101 1647 1252 1676 substantia
1282 1647 1330 1675 Dei
1356 1655 1418 1676 esse
1444 1648 1634 1682 scripserunt;
1657 1648 1694 1676 ita
1723 1652 1753 1676 ut

966 1698 1099 1721 creaturae
1116 1693 1226 1728 quidem
1243 1700 1276 1721 eo
1289 1693 1445 1721 dicerentur
1467 1702 1501 1721 ex
1517 1693 1571 1722 Deo
1588 1702 1659 1727 esse,
1680 1695 1752 1730 quod

965 1747 1020 1766 non
1033 1747 1048 1766 a
1061 1739 1158 1774 seipsis
1171 1739 1277 1774 absque
1290 1747 1374 1767 causa
1385 1739 1566 1772 exstitissent,
1582 1741 1629 1768 sed
1645 1740 1751 1768 initium

965 1785 1114 1812 exsistendi
1134 1785 1318 1819 habuissent;
1344 1785 1429 1813 Filius
1444 1794 1508 1814 vero
1532 1786 1607 1815 solus
1627 1787 1753 1822 proprius

966 1832 1127 1859 substantiae
1147 1831 1238 1859 Patris
1258 1832 1425 1860 haberetur:
1443 1832 1517 1868 quod
1543 1834 1684 1868 proprium
1711 1840 1753 1862 est

966 1878 1106 1914 unigenito
1131 1886 1164 1906 ac
1190 1885 1256 1906 vero
1285 1877 1375 1906 Verbo
1399 1879 1470 1913 apud
1492 1878 1612 1908 Patrem.
1632 1879 1665 1908 Et
1695 1880 1752 1910 hate

965 1925 1075 1960 quidem
1085 1932 1170 1952 causa
1185 1924 1238 1952 fuit
1249 1932 1299 1952 cur
1310 1924 1387 1956 illud,
1401 1932 1433 1952 ex
1445 1925 1752 1962 substantia,‘scriptum

966 1971 1012 1998 sit.
1025 1969 1145 1997 Rursum
1168 1970 1305 2005 episcopis
1315 1978 1418 2005 paucos
1430 1971 1497 1998 istos
1510 1971 1750 2008 interrogantibus,

965 2023 1000 2042 an
1016 2015 1139 2043 dicerent
1155 2015 1264 2048 Filium,
1277 2023 1333 2043 non
1353 2020 1517 2050 creaturam,
1542 2017 1590 2045 sed
1614 2017 1752 2051 virtutem,

966 2061 1127 2096 sapientiam
1150 2062 1236 2089 solam
1251 2061 1351 2095 Patris,
1380 2067 1509 2090 aeternam
1536 2063 1680 2098 imaginem
1705 2072 1753 2099 per

965 2107 1057 2135 omnia
1074 2107 1148 2134 Patri
1163 2107 1292 2139 similem,
1307 2113 1333 2135 et
1353 2107 1439 2136 Deum
1460 2116 1574 2143 verum;
1590 2109 1753 2144 deprehensi

965 2158 1031 2182 sunt
1054 2153 1200 2181 Eusebiani
1224 2153 1276 2181 sibi
1299 2153 1415 2181 invicem
1441 2161 1583 2187 annuere,
1601 2155 1675 2189 quod
1695 2155 1753 2183 haec

932 2215 953 2242 υ
966 2199 1048 2228 etiam
1066 2200 1093 2226 in
1109 2207 1159 2227 nos
1179 2200 1304 2227 homines
1330 2200 1477 2228 caderent:
1498 2201 1599 2229 ctenim
1613 2209 1664 2229 nos
1687 2201 1751 2236 ipsi.

124 2243 220 2277 φθάνει
235 2245 282 2272 κα)¹
296 2246 337 2278 είς
349 2247 421 2281 ἡμεῖς
432 2255 439 2262 ·
459 2247 506 2273 καὶ
521 2246 574 2282 γὰρ
594 2247 641 2274 καὶ
659 2247 738 2282 ἡμεῖς
765 2246 812 2274 καὶ
830 2245 911 2273 εἰκὼν

968 2245 1056 2280 imago
1068 2250 1094 2272 et
1109 2246 1195 2280 gloria
1212 2246 1260 2274 Dei
1275 2253 1416 2280 vocamur,
1436 2247 1523 2281 deque
1547 2246 1627 2274 nobis
1649 2246 1752 2274 dictum

124 2290 172 2317 καὶ
185 2291 248 2324 δόξα
271 2291 338 2318 Θεοῦ
356 2291 501 2327 λεγόμεθα,
528 2293 575 2320 καὶ
599 2293 663 2328 περὶ
685 2292 764 2328 ἡμῶν
785 2293 910 2329 είρηται·

966 2296 1007 2319 est
1021 2300 1027 2318 :
1046 2290 1152 2326 Semper
1164 2293 1233 2319 enim
1251 2301 1298 2320 nos
1311 2293 1357 2327 qui
1373 2292 1482 2320 vivimus
1492 2292 1525 2320 ³³.
1544 2291 1666 2321 Virtutes
1681 2299 1752 2327 quo-

161 2402 184 2418 ³⁶
205 2403 284 2431 Rom.
301 2412 338 2435 ix,
352 2404 397 2432 33.
438 2404 459 2420 "
479 2403 489 2430 l
505 2403 568 2432 Cor.
586 2412 643 2438 vnt,
659 2404 685 2431 6.
725 2405 746 2420 ι’
767 2403 788 2430 ll
808 2404 872 2432 Cor.
889 2412 911 2437 ν,

965 2425 973 2436 ,
994 2404 1036 2431 18.
1075 2404 1097 2420 ³⁸
1116 2403 1189 2432 Psal.
1207 2411 1285 2437 cxm,
1301 2404 1344 2432 18.

160 2528 217 2561 (45)
238 2527 349 2561 Regius,
363 2535 590 2564 προσκόπτοντες.
616 2526 687 2554 Editi
703 2533 778 2558 vero,
793 2526 911 2562 προσκό-

123 2571 282 2633 πτῖἴῶινὲὶο
304 2597 369 2633 Reg.
384 2597 489 2633 Anglic.
507 2603 534 2625 et
548 2597 723 2633 Theodoret.,
737 2596 811 2633 apud
831 2604 910 2631 quem

125 2633 170 2669 hic
184 2632 392 2661 aiterturloc’us.
412 2632 494 2669 Editi,
510 2633 564 2669 τρν
579 2633 628 2669 μὲν
646 2632 721 2669 παρὰ
732 2632 790 2669 τῶν.
806 2632 913 2669 Ἀρειο-

123 2668 188 2700 νῶν,
202 2669 296 2696 multis
311 2669 432 2696 omissis.
450 2667 523 2696 Infra
532 2665 732 2701 Theodoret'us,
750 2667 797 2694 καὶ
811 2665 910 2699 τδ,Ἧν

235 2739 401 2773 Anglicanus
421 2742 449 2766 et
464 2737 662 2770 Theodoretus,
673 2737 720 2764 τοῦ
736 2736 803 2774 Θεοῦ
817 2737 908 2774 hirta;

145 2773 215 2800 ύσει.
230 2774 288 2801 Mox
306 2774 332 2801 in
346 2774 516 2801 Theodoreto
530 2774 544 2800 ὁ
557 2777 620 2801 ante
635 2773 721 2807 Λόγος
734 2773 820 2800 deest.
837 2773 904 2799 Ibid.

999 2529 1053 2563 (48)
1074 2529 1114 2556 Τὰ
1132 2529 1229 2556 πάντα.
1240 2527 1443 2560 omnes-Mox
1460 2531 1486 2557 in
1501 2530 1596 2558 eodem
1617 2529 1646 2556 δέ
1663 2530 1750 2557 deest.

1000 2564 1055 2598 (49)
1075 2563 1136 2598 Lib.
1152 2573 1183 2596 ll,
1200 2564 1324 2592 Mandat.
1341 2565 1367 2592 1.

1000 2595 1056 2635 (50)
1077 2595 1225 2635 Theodon,
1239 2599 1289 2635 τὴν
1304 2599 1485 2635 κακουργίαν.

996 2634 1053 2668 (51)
1073 2634 1126 2662 Τοῦ
1141 2635 1216 2662 deest
1232 2635 1259 2662 in
1269 2634 1439 2669 'Anglicaim.

996 2669 1053 2707 (52)
1074 2669 1221 2707 Theodon,
1237 2670 1324 2707 Λόγου
1338 2670 1385 2697 τοῦ
1400 2670 1506 2707 Πατρός

996 2706 1053 2740 (55)
1071 2705 1226 2740 ᾼηξςίίῡεη..
1240 2706 1265 2732 εἰ
1279 2705 1393 2740 λέγοιεν.

996 2740 1053 2780 (Fit)
1073 2739 1188 2780 Regius,
1199 2740 1426 2780 κατελείφθησαν,
1443 2742 1713 2780 Μοκ-Τίιεοτιοτεωε
1721 2748 1750 2770 et

959 2775 1061 2814 Regius
1086 2776 1214 2814 secunda
1229 2784 1338 2814 Vmanu,_
1350 2775 1485 2814 ἀλλήλοις.
1501 2777 1572 2805 Επιὶιί
1597 2783 1624 2805 et
1648 2777 1749 2814 Regius

149 2808 448 2847 nglican.__'i'lieogoret.
463 2813 491 2847 et
505 2808 571 2843 Reg.
585 2810 708 2847 secunda
720 2816 812 2847 manu.
827 2808 906 2843 σοφία

965 2811 1047 2847 prima
1062 2818 1156 2847 manu,
1173 2810 1311 2847 ἀλλήλους.
1327 2808 1505 2844 Ιηίταξείκὶὒν
1516 2814 1592 2841 deest
1606 2815 1633 2841 iu
1645 2808 1726 2842 editis
1740 2821 1747 2840 :

126 2844 174 2878 μὲν
188 2845 214 2880 ἠ.
232 2843 303 2872 Editi
316 2849 344 2872 ct
359 2844 424 2880 Reg.
441 2844 527 2880 prima
543 2844 726 2879 mammeata
741 2843 818 2879 μόνη.
854 2878 860 2883 _

959 2845 1007 2873 sed
1025 2845 1122 2881 legitur
1138 2846 1167 2874 in
1183 2845 1312 2875 omnibus
1326 2855 1393 2876 mss.
1409 2852 1436 2877 et
1447 2849 1474 2876 in
1490 2849 1624 2877 Tlicodor.
