1954 3041
106 146 166 174 l0“

613 145 778 174 EPISTULA
796 146 840 173 AD
859 145 974 173 AFROS
994 145 1192 173 EPISCOPOS.

1655 147 1665 174 l
1671 144 1724 175 οιςι

107 206 184 242 κέρας
198 204 318 236 τοῢτους,
345 201 383 232 ὠν
397 205 446 231 οὐκ
471 205 647 240 ἀποδέχονται
675 205 724 241 τὴν
742 207 887 241 ὁμολογίαν
902 233 905 237 ,

956 211 1010 234 acte
1034 210 1061 233 et
1079 205 1227 240 apostolice
1254 205 1382 240 scriptam
1400 211 1454 232 non
1475 204 1629 240 recipiunt?
1645 205 1723 239 Quod

105 252 150 287 τὴν
163 251 254 283 καλῶς
280 251 326 278 καὶ
353 251 539 283 ἀποστολικῶς
566 253 733 287 γραφεῖσαν;
761 253 846 283 Ἐπεὶ.
864 254 888 279 ει

106 296 257 332 νομίζωσιν
273 296 422 330 ἀντιλέγειν
438 296 579 326 δύνασθαι.
604 297 770 329 εἰπάτωσαν,
790 297 889 332 μᾶλλον

106 344 130 370 δὲ
146 342 389 378 ἀποκρινάσθωσαν
400 363 408 375 ,
425 343 469 370 ἵνα
485 343 532 370 καὶ
556 344 662 374 ἑαυτοῖς
681 342 890 378 περιπίπτοντες

106 387 277 423 ελεγχθῶσιν.
295 389 320 414 εἰ
342 388 498 415 πιστεύουσι
524 388 630 422 λέγοντι
658 387 696 423 τῷ
710 387 786 423 Υἱῷ·
821 387 891 422 Ἐγὼ

106 432 152 460 καὶ
166 435 183 460 d
194 433 295 468 Πατὴρ
306 433 341 460 ἐν
354 434 456 468 ἐσμενι
467 434 524 466 καὶ,
533 435 559 460 '0
567 434 702 468 ἑωρακὼς
715 434 768 468 ἐμὲ
782 434 892 467 ἑώρακε

106 478 156 505 τὸν
171 479 302 513 Πατέρα;
319 479 383 512 Ναὶ,
407 479 509 507 εἴποιεν
532 480 576 512 ἂν,
605 480 698 516 ἐπειδὴ
726 481 891 516 γέγραπται,

106 523 278 558 πιστεύομεν.
300 524 380 551 Ἀλλὰ
399 525 446 552 καὶ
462 524 524 557 Πῶς
540 525 568 552 ἓν
589 525 652 557 εἱσι,
675 525 723 552 καὶ
739 525 797 555 πῶς
812 525 826 551 ὁ
844 526 894 551 ἐω-

106 568 195 605 ρακὼς
208 569 253 596 τὸν
270 569 332 596 Υἰὺν
347 570 452 606 ἑώρακε
478 571 525 598 καὶ
554 571 610 606 (67)
625 571 670 597 τὸν
689 570 816 606 Πατέρα,
846 570 894 597 ἐὰν

107 614 278 651 ¹ερωτηθῶσιν
289 617 385 648 εἰπεῖν,
400 617 508 648 πάντως
526 625 577 643 που
600 617 735 652 φήσουσι,
752 618 791 643 Δι’
805 616 895 652 ὁμοιό-

108 668 186 695 τητα’
203 661 227 687 ει
243 660 280 696 μὴ
296 660 385 688 τέλεον
398 661 614 697 συμπεπτώκασι
637 663 693 693 τοῖς
712 661 815 696 ἀδελφὰ
830 670 895 696 φρο-

107 705 195 732 νοῦσιν
207 706 308 738 αὐτοῖς,
323 707 371 733 καὶ
395 707 552 742 λεγομένοις
569 707 728 742 ’Λνομοίοις.
758 706 826 733 Ἀλλ’
848 706 895 733 ἐὰν

109 751 187 778 πάλιν
202 752 370 787 ὲρωττγθῶσι,
388 752 449 784 Πῶς
463 753 571 788 ὂμοιος;
583 753 832 788 ἀποθρασυνὸμενοι
843 753 896 788 φή-

107 805 214 824 σουσιν”
239 798 336 834 ’Δρετῇ
351 799 442 834 τελείᾳ
458 800 505 826 καὶ
520 799 665 835 συμφωνίᾳ
676 800 707 826 τὸ
730 799 796 826 αὐτὸ
810 799 896 826 θέλειν

109 843 144 878 τῷ
158 844 246 879 Πατρὶ
258 863 266 876 ,
287 845 335 871 καὶ
361 845 398 884 μὴ
428 845 514 872 θέλειν
532 845 600 881 ὅπερ
625 847 640 872 ὁ
656 845 750 881 Πατὴρ
765 845 796 872 οὐ
813 845 894 873 θέλει.

940 253 962 280 si
982 260 1043 279 sese
1067 258 1219 287 repugnare
1242 258 1323 286 posse
1347 250 1524 284 arbitrantur,
1550 250 1653 284 dicant,
1678 256 1725 278 aut

940 299 1034 333 potius
1051 298 1245 333 respondeam,
1263 301 1294 324 ut
1310 296 1337 324 in
1359 303 1420 324 sese
1443 296 1622 331 impingentes
1644 303 1725 323 coar-

942 349 1058 380 guantur
1074 353 1080 377 ;
1094 352 1158 371 num
1175 343 1288 371 credam
1303 342 1372 370 Filio
1397 343 1517 370 dicenti:
1533 341 1588 377 Ego
1607 347 1631 369 et
1645 341 1726 369 Pater

941 398 1022 416 unum
1030 397 1138 422 suntut;
1150 393 1176 416 et
1186 398 1193 416 :
1205 389 1250 424 qui
1262 389 1326 416 vidit
1334 397 1383 421 me,
1393 388 1458 415 vidit
1469 393 1494 415 et
1501 387 1608 414 Patrem
1616 388 1648 415 ³⁸.
1658 387 1724 420 imo,

942 436 1043 469 dicent,
1060 436 1111 463 hoc
1124 435 1188 470 quia
1203 435 1335 470 scriptum
1350 439 1403 468 est,
1418 435 1566 462 credimus.
1592 434 1644 462 Sed
1658 442 1727 469 quo-

943 482 1088 509 mndonam
1104 489 1188 509 unum
1201 487 1276 512 sunt,
1289 486 1316 508 et
1327 481 1473 516 quomodo,
1489 481 1535 516 qui
1548 480 1617 508 vidit
1630 479 1728 508 Filium

942 528 1011 556 vidit
1026 532 1053 555 et
1072 527 1178 554 Patrem
1191 536 1199 560 ;
1214 527 1236 554 si
1250 527 1290 554 sic
1300 526 1510 562 interrogentur,
1527 525 1730 561 respondebunt

945 582 1019 606 sane,
1035 573 1075 600 Ob
1093 573 1298 600 similitudinem
1313 582 1320 599 :
1337 573 1389 600 nisi
1414 581 1476 600 cutn
1501 573 1535 600 iis
1549 572 1660 607 collapsi
1676 572 1731 600 sint

945 619 991 654 qui
1007 618 1114 646 afﬁnem
1143 626 1200 645 suae
1226 619 1389 645 sentcnt'am
1407 622 1529 650 tuentur,
1548 622 1575 645 et
1599 622 1731 645 vocantur

945 665 1079 693 Anomoei.
1098 663 1150 692 Sed
1168 665 1190 691 si
1209 672 1319 691 rursum
1335 664 1483 696 sciscitere,
1499 671 1553 698 qua
1568 663 1672 691 ratione
1693 663 1732 691 si-

946 711 1042 738 milis?
1059 711 1190 738 audacius
1207 710 1318 738 dicent:
1343 709 1450 737 Virtute
1473 709 1592 746 perfecta
1617 713 1644 737 et
1666 716 1733 737 con-

946 765 1040 790 sensu,
1051 757 1125 792 quod
1137 756 1254 792 idipsum
1269 756 1333 784 velit
1346 756 1417 791 quod
1433 755 1524 787 Pater,
1538 759 1565 783 et
1577 755 1648 790 quod
1663 755 1733 782 nihil

946 803 1020 835 velit,
1038 802 1090 830 nisi
1108 803 1180 838 quod
1197 801 1287 830 Pater.
1303 801 1357 829 Sed
1372 801 1476 829 discant
1490 808 1552 828 eum
1569 801 1615 836 qui
1630 807 1663 828 ex
1678 800 1735 828 vir-

948 854 1005 876 tute
1020 853 1047 876 et
1062 849 1203 876 voluntate
1225 847 1281 876 Deo
1299 848 1396 876 similis
1419 847 1465 880 sit,
1485 847 1608 875 mutandi
1631 847 1674 875 sui
1689 854 1734 874 ar-

113 889 192 917 ’Δλλὰ
210 889 378 925 μαθέτωσαν,
394 891 435 918 ὃτι
450 890 479 923 ἐξ
491 891 592 927 ἀρετῆς
606 891 706 918 καὶτοῦ
721 891 807 918 θέλειν
821 892 897 927 ὁμοι-

956 896 1057 923 )itrium
1074 895 1173 922 habere
1187 903 1194 922 :
1209 895 1283 929 atqui
1297 893 1414 922 Verbum
1429 901 1602 929 nequaquam
1617 897 1659 921 est
1668 893 1732 926 tale.

108 934 220 971 ούμενος
234 935 273 971 τῷ
286 935 356 970 Θεῷ,
371 935 428 971 ἔχει
445 936 494 972 μὲν
506 937 553 964 καὶ
560 937 607 963 τοῦ
619 937 768 972 τρέπεσθαι
783 936 838 973 (68)
848 937 896 973 τὴν

108 981 281 1017 προαίρεσιν·
295 982 345 1008 οὐκ
364 982 422 1008 ἐστι
435 982 463 1009 δὲ
477 981 563 1014 οὕτως
577 984 591 1009 6
610 983 695 1018 Λόγος
708 1004 715 1017 ,
736 985 760 1010 εἰ
791 984 828 1019 μὴ
844 984 898 1020 ἄρα

108 1026 141 1054 let
158 1027 256 1063 μέρους
267 1028 313 1054 καὶ
325 1027 386 1054 καθ’
399 1029 473 1064 ¹ἡμᾶς
486 1029 589 1064 ὅμοιος,
603 1030 643 1056 ὅτι
662 1029 699 1066 μὴ
715 1029 763 1056 καὶ
775 1031 834 1057 κατ’
851 1031 897 1057 οὺ-

111 1073 172 1100 σίαν
188 1073 279 1108 ὅμοιός
295 1074 363 1100 ἐστι.
379 1074 472 1101 Ταῦτα
488 1074 516 1101 δὲ
528 1075 582 1102 ῐδια
605 1075 684 1111 ἡμῶν
700 1075 754 1102 τῶν
777 1076 899 1112 γενητῶν

110 1118 158 1145 καὶ
170 1118 281 1154 κτιστὴν
292 1119 408 1154 ἑχόντων
427 1120 477 1156 τὴν
493 1120 584 1155 φύσιν.
599 1122 654 1148 Καὶ
672 1122 726 1158 γὰρ
747 1123 795 1149 καὶ
807 1123 898 1157 ἡμεῖς,

110 1165 198 1191 καίτοι
211 1165 248 1200 μὴ
263 1164 405 1200 δυνάμενοι
416 1166 503 1201 ὅμοιοι
513 1167 572 1193 κατ’
583 1167 678 1194 οὐσίαν
689 1167 735 1194 τοῦ
748 1168 816 1194 Θεοῦ
825 1169 901 1203 γενέ-

111 1209 184 1241 σθαι,
199 1209 284 1244 ὅμως,
298 1209 327 1242 ἐξ
347 1209 447 1245 ἀρετῆς
461 1210 656 1245 βελτιούμενοι,
679 1211 836 1246 μιμούμεθα
855 1211 900 1237 τὸν

110 1254 178 1281 Θεὸν
189 1254 256 1290 (69),
269 1255 453 1290 χαρισαμένου
466 1255 513 1282 καὶ
525 1255 603 1282 τοῦτο
614 1255 662 1282 τοῦ
674 1256 788 1291 Κυρίου,
801 1256 848 1283 καὶ
859 1256 902 1282 λέ-

112 1307 224 1335 γοντος·
252 1301 379 1328 Γίνεσθε
393 1301 590 1336 οἰκτίρμονες,
602 1301 642 1334 ὡς
661 1303 678 1329 ὀ
696 1301 799 1336 Πατὴρ
819 1301 902 1336 ὑμῶν

111 1346 270 1381 οἰκτίρμων
276 1347 353 1374 ἐστί.
365 1347 493 1374 Γίνεσθε
503 1347 663 1381 τέλειοι,ὼς
674 1349 690 1374 ό
706 1347 806 1381 Πατὴρ
820 1346 903 1382 ὑμῶν

113 1395 130 1420 ὀ
143 1392 283 1427 οὐράνιος
301 1393 415 1426 τέλειός
429 1394 505 1420 ἐστι.
518 1393 628 1429 Τρεπτὰ
640 1393 715 1431 δὲτὰ
725 1393 836 1429 γενητὰ,
853 1394 904 1420 οὐκ

114 1440 147 1466 ἄν
164 1447 206 1472 τις
215 1440 374 1475 ἀρνήσαιτο,
390 1439 514 1474 ἀγγέλων
528 1439 578 1474 μὲν
591 1439 771 1475 παραϐάντων
781 1459 788 1471 ,
805 1438 852 1465 τοῦ
876 1439 904 1465 δὲ

121 1485 207 1520 ’Λδὰμ
217 1485 450 1522 παρακούσαντας,
467 1486 514 1512 καὶ
528 1485 636 1512 πάντων
646 1485 780 1520 δεομένων
793 1485 842 1520 τῆς
858 1483 905 1510 τοῦ

115 1531 202 1566 Λόγου
222 1532 341 1568 χάριτος.
360 1531 482 1568 Τρεπτόν
496 1531 524 1558 δὲ
540 1531 676 1567 ἀτρέπτου
689 1529 764 1563 ὄντος
778 1530 824 1557 τοῦ
838 1530 906 1557 Θεοῦ

115 1560 167 1606 οὐκ
179 1577 212 1605 ἂν
283 1560 393 1614 ὅμοιονί
411 1578 505 1614 ὥσπερ
524 1560 583 1605 οὐδε
601 1578 633 1604 τὸ
652 1560 762 1604 κτισθὲν
778 1576 824 1603 τοῦ
847 1576 906 1603 κτι-
920 1560 941 1590 c

117 1632 224 1656 σαντος.
235 1624 285 1651 Διὰ
294 1624 373 1651 τοῦτο
385 1624 449 1660 περὶ
463 1624 512 1660 μὲν
524 1623 602 1659 ἡμῶν
617 1623 726 1650 σκοπῶν
740 1625 754 1650 6
767 1623 843 1658 ἆγιος
855 1623 908 1649 ἔλε-

116 1678 180 1705 γεν·
212 1669 244 1697 ’0
262 1671 345 1704 Θεὸς,
359 1671 405 1704 τίς
433 1669 647 1705 ὁμοιωθήσεται
670 1677 736 1701 σοις
763 1669 830 1701 καὶ,
861 1669 908 1702 Τίς

117 1717 219 1752 ὅμοιός
232 1724 282 1745 σοι
297 1717 332 1744 ὲν
344 1717 433 1750 θεοῖς,
444 1717 533 1750 Κύριε
546 1724 555 1748 ;
573 1716 651 1748 θεοὺς
664 1716 762 1750 λέγων,
773 1717 835 1747 τοὺς
851 1724 909 1742 κτι-

119 1763 232 1795 σθέντας
248 1763 307 1799 μὲν,
326 1763 454 1799 μετόχους
467 1763 496 1789 δὲ
508 1762 670 1798 γενομένους
692 1761 738 1788 τοῦ
753 1762 852 1796 Λόγου,
871 1762 909 1794 ὡς

118 1810 200 1843 αὐτὸς
219 1808 311 1837 εἶπεν·
329 1809 364 1836 Et
376 1809 513 1842 ἐκείνους
534 1809 621 1842 θεοὺς
635 1809 709 1841 εἷπε,
725 1808 800 1842 πίὸς
823 1808 878 1841 οὓς
893 1810 909 1835 ὁ

119 1857 214 1892 Λότος
228 1855 281 1884 τοῦ
297 1856 371 1883 Θεοῦ
385 1855 513 1891 ἐγένετο.
529 1855 568 1882 Τά
588 1855 616 1882 δὲ
638 1855 785 1890 μετέχοντα
807 1855 857 1882 οὐκ
877 1855 910 1882 ἂν

120 1903 163 1939 εἴη
177 1903 211 1930 τὰ
230 1902 286 1939 (70)
299 1902 368 1930 αὐτὰ
384 1902 444 1930 οὐδὲ
457 1903 537 1938 ὅμοια
558 1901 603 1928 τοῦ
628 1901 819 1937 μετεχομένου.
842 1900 910 1936 Περὶ

120 1949 218 1976 ἑαυτοῦ
236 1949 301 1984 γοῦν
316 1950 419 1984 ἔλεγεν·
435 1948 508 1984 Ἐγὼ
517 1948 590 1975 καὶὸ
599 1947 700 1981 Πατὴρ
711 1947 745 1974 ἔν
758 1948 862 1982 ἐσμεν,
873 1947 910 1980 ὡς

119 1998 176 2024 τῶν
187 1996 307 2031 γενητῶν
321 1996 359 2032 μὴ
373 1996 458 2022 ὄντων
469 1994 563 2026 οὓτως.
581 1994 657 2021 Ἐπεὶ
668 1993 911 2029 ἀποκρινάσθωσαν

121 2043 149 2069 οἱ
163 2042 212 2078 τὴν
232 2042 377 2078 ’Λρὶμηνον
391 2041 587 2077 προτείνοντες,
606 2042 631 2067 εἰ
647 2040 744 2075 κτιστὴ
759 2039 815 2075 (71)
833 2038 912 2065 οὐσία

121 2089 234 2115 δύναται
251 2090 352 2115 εἰπεῖν·
377 2089 407 2115 Ἀ
420 2087 526 2120 ,ϐλέπω
544 2086 597 2114 τὸν
615 2085 731 2119 Πατέρα
757 2084 911 2116 ποιοῦντα,

121 2135 218 2162 ταῦτα
231 2135 312 2170 κάγὼ
325 2134 408 2161 ποιῶ.
431 2133 583 2168 Ποιούμενα
597 2132 651 2168 γάρ
674 2133 731 2158 ὲστι
749 2131 785 2157 τὰ
801 2130 911 2166 γενητὰ,

123 2182 172 2209 καὶ
184 2182 215 2208 οὐ
231 2181 359 2209 ποιοῦντα
369 2189 375 2196 ·
390 2181 414 2207 εῑ
429 2180 484 2215 (72)
499 2179 527 2206 δὲ
553 2180 590 2215 μή
607 2187 650 2214 γε,
666 2179 712 2205 καὶ¹
738 2177 822 2205 ἑαυτὰ
839 2176 914 2203 ἑποί-

948 941 1001 969 nisi
1019 941 1088 969 forte
1099 949 1131 969 ex
1149 942 1239 977 aliqua
1264 946 1342 976 parte
1359 945 1385 968 et
1411 945 1506 968 nostro
1523 947 1607 972 more,
1632 939 1733 967 nedum

949 987 1099 1014 secundutn
1112 987 1291 1015 substantiam
1302 986 1391 1014 simile
1401 986 1447 1014 sit.
1463 986 1493 1013 lt!
1507 986 1580 1014 enim
1593 986 1734 1020 proprium

949 1034 1030 1061 nobis
1048 1038 1090 1061 est
1107 1033 1154 1068 qui
1171 1033 1245 1065 facti,
1259 1037 1285 1060 et
1298 1037 1395 1060 natura
1407 1036 1499 1060 creata
1510 1032 1614 1068 praediti
1630 1039 1735 1060 sumus.

951 1080 1056 1108 Etenim
1073 1087 1134 1112 nos,
1150 1079 1214 1107 licet
1228 1079 1378 1107 secundum
1393 1078 1574 1106 substantiam
1589 1076 1644 1105 Deo
1659 1077 1738 1106 simi-

950 1126 990 1154 les
1004 1133 1065 1153 esse
1079 1132 1258 1160 nequeamus,
1275 1128 1365 1152 tamen
1383 1124 1410 1151 in
1428 1124 1529 1152 virtute
1554 1123 1738 1159 proﬁcientes.

952 1171 1037 1200 Deum
1065 1171 1216 1204 imitamur,
1244 1171 1296 1199 hoc
1319 1171 1439 1198 donante
1463 1170 1591 1204 Domino,
1607 1170 1654 1206 qui
1680 1170 1738 1197 ait:

952 1217 1046 1244 Eslote
1068 1216 1261 1250 misericordes,
1285 1217 1354 1244 sicut
1377 1216 1460 1244 Pater
1485 1221 1568 1244 vester
1590 1216 1739 1244 misericors

952 1267 990 1290 est
1001 1261 1034 1288 ".
1045 1262 1136 1290 Estote
1147 1261 1268 1298 perfecti,
1280 1263 1347 1291 sicut
1368 1262 1447 1290 Pater
1458 1267 1539 1290 uester
1551 1261 1661 1290 caelestis
1680 1270 1741 1296 per-

954 1308 1034 1343 fectus
1045 1312 1083 1335 est
1095 1308 1128 1335 ‘°.
1149 1307 1262 1343 Opiﬁcia
1280 1313 1369 1336 autem
1396 1308 1538 1336 mutabilia
1563 1315 1634 1341 esse,
1660 1315 1741 1337 nemo

953 1354 1080 1390 negarit:
1102 1362 1164 1382 cum
1181 1359 1209 1381 et
1233 1354 1321 1389 angeli
1338 1354 1506 1389 praevaricati
1523 1354 1588 1386 sint.
1608 1359 1635 1382 et
1653 1354 1741 1382 Adam

955 1408 1009 1428 non
1022 1400 1166 1432 obedierit,
1184 1404 1211 1427 et
1227 1407 1321 1427 omnes
1335 1405 1433 1436 egeant
1445 1400 1533 1435 gratia
1549 1399 1640 1428 Verbi.
1657 1399 1744 1428 Muta-

956 1446 1010 1474 bile
1027 1450 1119 1473 autem
1143 1445 1308 1473 immutabili
1329 1445 1385 1473 Deo
1410 1445 1498 1474 simile
1523 1453 1584 1473 esse
1600 1453 1742 1481 nunquam

957 1492 1074 1527 poterit:
1092 1498 1121 1519 ut
1135 1500 1184 1520 nec
1201 1496 1322 1520 creatum
1336 1493 1450 1520 creanti.
1466 1492 1636 1527 Quapropter
1649 1492 1675 1519 in
1691 1500 1752 1519 nos.

959 1537 1107 1572 respiciens
1130 1541 1242 1565 sanctus
1262 1537 1307 1564 ille
1328 1537 1456 1565 diccbat:
1483 1537 1563 1569 Deus.
1576 1537 1633 1572 quis
1649 1536 1744 1563 similis

958 1584 1006 1610 erit
1022 1583 1121 1610 tibi“?
1137 1588 1183 1610 et:
1198 1583 1263 1616 Quis
1277 1582 1371 1610 similis
1391 1583 1437 1610 tibi
1453 1583 1481 1609 in
1502 1583 1564 1615 diis,
1580 1582 1690 1609 Domine
1701 1582 1746 1608 “1

958 1629 1024 1657 deos
1044 1630 1138 1657 dicens
1155 1630 1215 1657 illos
1237 1629 1284 1664 qui
1297 1629 1380 1657 creati
1398 1628 1519 1664 quidem,
1536 1628 1582 1656 sed
1597 1628 1744 1664 participes

959 1675 1040 1703 Verbi
1056 1681 1129 1709 sunt,
1147 1676 1378 1711 quemadmodum
1395 1676 1452 1711 ipse
1466 1676 1522 1703 ait:
1541 1675 1572 1703 Si
1591 1676 1651 1702 illos
1675 1675 1745 1702 dixit

959 1723 1031 1754 deos.
1044 1722 1078 1749 ad
1092 1730 1156 1757 quos
1175 1721 1285 1749 Verbum
1305 1721 1355 1749 Dei
1372 1722 1471 1756 factum
1486 1726 1523 1748 est
1536 1721 1568 1749 ⁸³.
1586 1720 1639 1748 Res
1654 1724 1745 1747 autem

960 1774 1021 1803 qua:
1032 1766 1148 1802 alicujus
1163 1766 1309 1802 participes
1325 1770 1399 1800 sunt,
1425 1774 1565 1801 nunquam
1585 1765 1684 1794 eaedem
1699 1769 1747 1792 aut

961 1814 1065 1842 similes
1080 1813 1105 1841 ei
1128 1812 1230 1841 fuerint
1244 1813 1323 1848 cujus
1346 1819 1408 1841 sunt
1426 1813 1581 1847 participes.
1602 1811 1640 1839 De
1655 1811 1746 1846 scipso

961 1860 1043 1895 igitur
1059 1857 1143 1886 dixit:
1163 1857 1220 1893 Ego
1236 1863 1260 1884 et
1276 1857 1358 1885 Pater
1369 1865 1450 1884 unum
1470 1865 1571 1889 sumus,
1585 1855 1657 1891 quod
1673 1855 1747 1882 scili-

960 1910 1003 1933 cet
1025 1913 1069 1933 res
1096 1904 1172 1932 facta:
1199 1911 1338 1939 nunquam
1363 1902 1522 1936 huiusmodi
1547 1902 1611 1930 sint.
1639 1899 1748 1935 Alioqui

961 1952 1143 1987 respondeant
1158 1952 1205 1987 qui
1219 1950 1419 1978 Ariminensem
1434 1949 1584 1977 obtenduttt
1601 1947 1746 1984 synodum.

962 2007 995 2026 an
1012 2004 1101 2027 creata
1116 1998 1269 2026 substantia
1285 1997 1376 2025 dicere
1392 1997 1500 2032 possit:
1519 1995 1584 2028 Quae
1597 1994 1670 2022 uideo
1695 1993 1749 2020 Pa-

963 2047 1029 2069 trem
1044 2042 1194 2077 facientem,
1206 2041 1261 2068 lucc
1275 2046 1298 2068 et
1309 2048 1355 2075 ego
1369 2040 1438 2074 facio
1445 2039 1478 2066 “.
1488 2037 1556 2066 Nam
1569 2037 1674 2072 opilicia
1686 2043 1750 2063 con-

963 2088 1019 2115 dita
1037 2092 1111 2121 sunt,
1125 2093 1152 2115 et
1166 2087 1234 2115 nihil
1249 2087 1390 2120 condunt;
1405 2086 1447 2114 sin
1463 2090 1554 2112 autem
1567 2083 1667 2116 minus,
1685 2090 1751 2117 ergo

964 2134 1054 2168 seipsa
1073 2133 1265 2161 condiderunt.
1290 2131 1370 2159 Certe
1395 2131 1429 2165 si,
1448 2135 1478 2159 ut
1502 2130 1606 2163 dicunt,
1624 2133 1751 2157 creatura

964 2183 1006 2206 est
1024 2178 1119 2212 Filius,
1135 2185 1163 2207 et
1186 2179 1266 2207 Pater
1289 2178 1384 2207 fecerit
1405 2186 1480 2210 eum,
1493 2177 1583 2212 .plane
1603 2175 1689 2204 Filius
1709 2182 1754 2202 se-

123 2235 204 2262 ησαν.
227 2226 335 2262 Ἀμέλει
352 2227 386 2258 ει,
406 2226 443 2258 ὡς
457 2225 575 2259 λέγουσι,
599 2224 701 2259 κτίσμα
718 2224 792 2250 ἐστὶν
811 2224 825 2250 6
839 2223 901 2255 Υἱὸς

966 2227 1056 2261 ipsum
1075 2226 1236 2258 condiderit.
1261 2234 1335 2259 cum,
1362 2230 1392 2252 ut
1408 2225 1466 2260 ipse
1482 2228 1608 2256 testatur,
1623 2230 1654 2250 ea
1668 2222 1756 2257 possit

124 2274 173 2301 καὶ
182 2274 254 2300 ποιεῖ
263 2272 344 2299 αὑτὸν
355 2273 369 2299 6
379 2271 484 2308 Πατὴρ,
497 2271 604 2301 πάντως
616 2269 649 2296 ἂν
667 2270 777 2305 ἐποίησε
792 2269 838 2295 καὶ
851 2269 915 2295 ἑαυ-

125 2319 172 2347 τὸν
186 2321 200 2346 6
219 2319 283 2350 Υἱὸς
296 2340 303 2352 ,
323 2319 471 2353 δυνάμενος
499 2318 585 2343 ποιεῖν
601 2316 619 2343 ἃ
635 2317 708 2342 ποιεῖ
731 2316 745 2342 6
757 2314 863 2350 Πατὴρ,
878 2314 915 2345 ὡς

127 2363 206 2392 εἶπεν
228 2364 323 2396 αὑτός·
351 2364 407 2390 ἀλλ’
427 2363 526 2390 ἄτοπον
544 2362 591 2389 καὶ
610 2362 670 2388 λίαν
691 2360 841 2388 ἁσῦστατόν
856 2360 913 2386 ἐστι

126 2412 158 2439 τὸ
174 2411 294 2438 τοιοῦτον
303 2419 310 2426 ·
330 2411 416 2438 ποιεῖν
430 2410 484 2445 γὰρ
495 2408 590 2436 ἑαυτὸν
603 2408 691 2440 οὐδεὶς
703 2407 824 2434 δύναται.

167 2469 192 2497 8.
206 2469 290 2497 Πάλιν
314 2469 343 2496 δὲ
372 2469 546 2500 εἰπάτωσαν,
575 2468 599 2494 εἰ
618 2467 730 2494 δύναται
755 2466 788 2493 τὰ
816 2465 917 2501 γενητὰ

129 2516 232 2543 εἰπεῖν’
259 2515 380 2547 Πάντα,
409 2514 468 2541 ὅσα
482 2513 544 2548 ἔχει
561 2515 577 2540 ό
590 2512 700 2547 Πατὴρ,
726 2511 782 2546 ἐμά
815 2511 917 2543 ἑστιν;

167 2573 189 2588 ⁸⁸
208 2571 288 2600 Joan.
307 2580 362 2604 xtv,
378 2572 404 2600 9.
443 2573 465 2588 ³³
485 2571 551 2599 Luc.
562 2579 599 2605 vt,
611 2571 656 2598 36.
694 2570 716 2586 ⁵⁰
737 2568 831 2597 Matth.
847 2577 874 2601 ν,
889 2569 934 2597 48.

132 2609 177 2636 55.
215 2608 238 2624 “
256 2607 336 2635 Joan.
351 2616 378 2642 v,
391 2607 433 2635 i9.
473 2607 495 2623 “
514 2607 594 2634 Joan.
611 2614 665 2639 xw,
683 2605 725 2632 15.

170 2665 226 2700 (67)
244 2665 299 2692 Καί
314 2665 390 2693 deest
411 2665 437 2692 in
455 2665 538 2700 Regio
562 2669 589 2692 et
612 2664 639 2692 in
660 2663 818 2699 Anglicano.
836 2662 919 2694 Infra.

134 2699 183 2728 aut
204 2699 370 2763 λεγομένοις,
391 2699 537 2736 ἀνομοίοις,
559 2700 604 2727 vix
624 2699 752 2734 augurari
776 2706 922 2733 possumus

134 2736 200 2763 auid
215 2737 258 2763 hic
280 2736 365 2763 eaerit
379 2735 513 2763 Nannius.
529 2736 576 2763 oui
593 2736 684 2763 vertit.
698 2736 754 2763 qui.
767 2734 836 2763 quod
857 2734 921 2763 ipsis

134 2736 200 2772 quid
215 2734 258 2764 hic
271 2734 365 2772 legerit
379 2734 513 2772 Nannius.
529 2736 576 2770 qui
593 2736 684 2768 vertit,
698 2736 754 2770 qui,
767 2734 836 2769 quod
857 2734 921 2769 ipsis

135 2771 234 2800 animi:
250 2771 376 2807 cogitant,
387 2771 475 2807 verbis
483 2775 616 2805 promunt.

173 2807 230 2842 (68)
249 2803 291 2834 Ita
307 2803 510 2842 Regius.7Edi—ti
524 2814 599 2838 vero.
617 2804 866 2842 npénsoeat_male.
881 2803 922 2831 in-

138 2840 182 2869 fra
192 2840 337 2875 in'eodem,
350 2840 399 2868 ναι
415 2841 491 2869 deest
505 2845 568 2868 ante
582 2840 645 2869 ut"
654 2840 757 2869 οὐσίαν.
767 2840 850 2868 Paulo
861 2844 923 2874 post

140 2877 314 2913 Anglicanus,
331 2877 384 2905 τῶν
402 2876 517 2913 γενητὴν
533 2876 590 2905 καί.

969 2272 1059 2299 facere
1071 2279 1131 2306 quae
1144 2270 1223 2298 Pater
1236 2270 1301 2298 facit
1315 2280 1322 2298 :
1337 2270 1384 2298 sed
1400 2269 1465 2297 illud
1480 2269 1629 2296 absurdum
1644 2272 1672 2294 et
1685 2275 1755 2294 tutn-

969 2325 1051 2353 quam
1067 2321 1194 2345 constare
1215 2321 1324 2352 potest:
1343 2323 1423 2344 nemo
1442 2315 1514 2343 enim
1532 2314 1651 2349 seipsum
1668 2317 1756 2347 potest

953 2369 958 2372 '
968 2363 1083 2390 allicere.

1006 2465 1087 2500 717
1107 2465 1133 2493 8.
1152 2464 1270 2492 Rursum
1285 2465 1376 2492 dicant
1391 2472 1424 2491 an
1440 2463 1545 2499 possint
1558 2469 1602 2489 res
1626 2460 1703 2487 facta
1716 2457 1756 2484 di-

971 2519 1033 2539 cere
1046 2521 1052 2539 :
1070 2511 1167 2538 Omnia
1183 2519 1343 2546 quacunque
1363 2511 1440 2536 habet
1460 2509 1552 2542 Pater,
1567 2515 1623 2534 mea
1638 2510 1699 2532 sunt
1709 2503 1732 2519 "
1745 2503 1757 2529 9

971 2569 994 2585 ⁸¹
1013 2569 1087 2597 Psal.
1107 2576 1211 2601 Lxxxu,
1225 2568 1252 2595 2.
1290 2567 1394 2594 “Psal.
1411 2574 1510 2598 Lxxxv,
1525 2565 1551 2592 8.
1589 2563 1612 2580 “
1631 2562 1708 2590 Joan.
1728 2569 1756 2589 xv

1012 2663 1068 2698 (69)
1087 2662 1263 2697 Anglicanus,
1279 2661 1325 2688 τὸν
1338 2661 1415 2698 Θεᾲν.
1427 2660 1500 2698 Μψιε
1513 2658 1560 2698 ζα(
1572 2658 1647 2698 deest
1659 2656 1685 2684 in
1703 2655 1757 2684 Re-

975 2693 1026 2734 gio,
1046 2693 1117 2725 Infra
1131 2693 1308 2734 'Anglican'us,
1323 2695 1474 2734 itemitem}
1489 2693 1616 2734 ὁρατήρ.

1011 2734 1066 2769 (70)
1086 2729 1261 2768 Anglicanus,
1274 2732 1323 2759 οὐκ
1336 2730 1427 2769 ἦν-ἁεὶ
1441 2730 1474 2757 τὰ
1487 2729 1566 2756 αὐτά.

1023 2762 1066 2804 71)
1086 2762 1262 2804 Anglicanus,
1277 2762 1597 2804 apoit'plvavrsg,_xuqrh
1610 2762 1698 2804 οὐσία.

1011 2770 1068 2837 (71)
1086 2770 1262 2804 Anglicanus,
1277 2770 1482 2802 προκρίναντες,
1501 2770 1597 2805 κτιστη
1610 2770 1698 2790 ουσια.

975 2804 1120 2867 ἂν(ἔῇ
1138 2803 1213 2832 deest
1230 2804 1258 2831 in
1272 2802 1430 2838 Anglicano.
1457 2801 1528 2828 Infra
1555 2799 1637 2831 idem,
1649 2798 1762 2828 πάντως

994 2850 1006 2867 ν
1021 2847 1117 2867 εποιει.
