1954 3041
232 109 300 138 ωΞῦ

230 169 317 197 [labet
331 175 420 197 autem
431 169 484 202 i'lle,
496 170 568 205 quod
578 170 737 204 sitcreator,
745 171 880 204 conditor,
888 176 1016 204 aeternus,

229 216 414 250 omnipotens,
424 217 613 244 immutabilis.
626 215 741 252 Opilicia
758 222 847 245 autem
864 225 914 245 nec
923 226 1016 246 creare

229 267 353 297 possunt,
367 267 457 290 creata
473 270 533 290 cum
547 263 602 290 sint
615 272 622 296 ;
645 272 694 291 nec
708 268 808 291 aeterna
823 272 893 297 esse,
906 265 1014 292 initium

228 307 326 342 quippe
333 308 481 335 exsistendi
491 308 591 335 habent
601 317 607 334 :
615 316 665 336 nec
672 309 763 336 omnia
772 317 852 344 posse
858 314 884 337 et
892 310 1016 338 immuta—

228 353 290 380 bilia
299 360 369 386 esse,
377 354 428 381 sub
438 354 551 389 imperio
559 355 631 381 enim
640 360 713 388 sunt,
722 361 878 391 naturaeque
885 361 949 384 sunt
956 365 1016 384 mu-

228 399 330 433 tabilis,
341 399 526 435 utSeriptura:
542 401 644 428 dicunt.
660 400 730 436 Ergo
746 402 768 429 si
784 402 843 430 haec
854 402 916 430 Filii
939 409 1012 436 sunt,

228 455 283 474 non
300 455 333 475 ex
348 447 459 480 virtute,
475 453 505 475 ut
520 448 651 482 diximus,
675 449 722 476 sed
738 457 771 476 ex
786 450 939 477 substantia
964 459 1014 478 sna

227 494 272 521 illa
286 493 380 526 habet,
404 499 433 521 ut
448 495 569 530 synodus
585 496 642 523 ait:
658 503 708 523 nec
723 503 757 522 ex
781 496 833 523 alia
860 496 1014 524 substantia

226 540 284 575 ipse
299 545 352 573 est,
375 540 422 567 sed
438 548 470 566 ex
490 541 645 568 substantia
666 540 768 574 Patris,
783 541 862 575 cujus
878 542 936 569 haec
950 546 1015 570 sunt

226 586 334 620 propria
345 595 351 612 ε
363 586 436 621 quod
448 591 538 613 autem
547 587 706 614 substantia:
714 587 801 615 Patris
810 588 949 623 proprium
961 592 1012 620 est,

225 631 341 666 ejusque
353 632 528 666 proles.quid
539 632 610 659 aliud
621 632 712 666 fuerit,
719 641 765 661 aut
776 634 913 668 quomodo
925 635 1015 669 appel-

226 676 338 704 landum
348 677 395 709 sit,
407 677 462 705 nisi
481 677 736 706 consubstantiale?
750 678 817 706 Nam
830 687 891 714 quae
907 680 969 715 quis
985 681 1012 708 in

225 722 304 751 Patre
311 724 393 757 videt,
400 724 492 752 eadem
503 725 530 751 in
539 724 606 752 Filio
613 725 746 760 conspicit
754 734 761 759 ;
769 726 794 753 in
801 725 880 759 Filio,
890 727 1012 762 inquam,

227 778 280 798 non
291 778 324 798 ex
335 771 554 806 participatione,
565 772 612 800 sed
621 773 770 800 secundum
780 774 970 801 substantiam.
982 773 1014 801 Et

227 816 279 843 hoc
292 819 333 843 est
347 825 354 842 :
366 815 422 850 Ego
439 821 464 843 et
481 816 565 844 Pater
581 825 663 844 unum
673 826 763 845 suum
775 818 812 852 “;
826 823 862 852 et,
881 819 933 851 Qui
948 820 1012 846 vidit

226 868 276 893 me,
304 861 369 888 uidit
392 867 416 889 et
442 861 549 889 Patrem
563 863 596 889 ⁵⁷.
614 862 712 890 Verum
741 863 806 891 hinc
822 872 933 899 quoque
951 872 966 892 e
982 873 1012 892 re

225 907 308 935 fuerit
325 915 419 936 eorum
437 910 585 936 amentiam
605 914 842 937 commonstrare:
859 909 886 938 Si
901 919 934 938 ex
957 911 1012 938 vir-

224 957 292 987 tute,
301 961 383 988 quam
401 954 525 989 sequitur
537 954 606 982 velle
619 960 647 982 et
662 962 716 982 non
725 956 804 988 velle,
820 964 871 984 nec
880 965 933 984 non
950 965 1010 985 mo-

223 1007 285 1027 rum
299 999 452 1034 profectus,
470 1000 569 1029 similis
583 1005 624 1028 est
634 1000 709 1029 Patri
724 1001 823 1035 Filius,
839 1006 869 1029 ut
881 1010 930 1030 vos
944 1002 1011 1030 dici-

222 1047 260 1073 tis
271 1065 280 1079 ,
295 1046 353 1073 haec
366 1052 456 1074 autem
473 1051 538 1074 sunt
550 1047 689 1082 qualitatis
705 1048 813 1083 propria
827 1058 833 1076 :
846 1056 912 1083 ergo
925 1049 1010 1077 Deum

221 1092 313 1120 dicitis
329 1100 362 1120 ex
384 1092 513 1127 qualitate
536 1097 563 1120 et
583 1101 614 1120 ex
638 1094 790 1121 substantia
816 1095 1006 1130 compositum.

223 1138 322 1173 Ecquis
337 1145 386 1165 vos
409 1138 480 1166 ultra
506 1138 576 1166 ferat
597 1139 662 1166 talia
684 1139 828 1168 dicentes?
857 1149 910 1168 non
936 1142 1008 1169 enim

221 1185 389 1219 compositus
404 1189 446 1212 est
460 1184 542 1218 Deus,
559 1185 606 1220 qui
623 1186 716 1213 omnia
732 1191 761 1214 ut
783 1193 875 1215 essent
894 1195 1009 1223 compo-

222 1230 296 1258 suit:
308 1237 397 1266 neque
410 1231 484 1262 talis.
500 1231 592 1266 qualia
607 1237 671 1259 sunt
688 1240 750 1268 quae
762 1233 796 1260 ab
807 1233 867 1266 ipso
880 1242 927 1269 per
943 1234 1009 1262 Ver-

220 1275 286 1302 bum
302 1280 367 1303 sunt
388 1275 469 1307 facta,
484 1276 566 1303 absit.
583 1275 704 1311 Simplex
722 1277 796 1304 enim
814 1281 856 1304 est
881 1277 1008 1305 substan-

223 1321 271 1353 tia,
288 1321 316 1348 in
341 1329 395 1356 qua
411 1321 484 1348 nulla
498 1322 628 1356 qualitas,
644 1329 742 1357 neque.
770 1327 799 1350 ut
826 1323 863 1350 ait
879 1322 1006 1357 Jacobus,

222 1367 408 1394 transmutatio
434 1371 480 1393 aut
507 1367 697 1394 vicissitudinis
713 1367 878 1395 obumbratio
890 1369 921 1395 ⁸⁸.
938 1369 1006 1396 Cum

219 1413 302 1448 igitur
317 1413 534 1440 demonstratum
557 1412 593 1440 sit
622 1421 685 1441 eum
708 1422 762 1441 non
779 1422 812 1441 ex
829 1415 928 1442 virtute
944 1423 1006 1450 pro-

220 1459 325 1492 cedere,
343 1459 444 1493 quippe
459 1466 511 1486 nec
523 1459 551 1486 in
563 1459 618 1486 Deo
627 1467 678 1487 nec
691 1460 719 1487 in
736 1460 805 1488 Filio
817 1465 859 1490 est
872 1461 1004 1496 qualitas;

218 1511 283 1538 ergo
298 1504 459 1531 substantia
475 1504 601 1540 proprius
627 1504 729 1533 fuerit:
755 1506 861 1542 hocque
877 1515 942 1534 sane
963 1507 1006 1535 Ia-
1021 1512 1043 1542 ο

218 1549 330 1578 teamiui
347 1558 459 1578 necesse
471 1556 523 1583 est,
539 1551 593 1579 nisi
607 1552 686 1586 plane
701 1551 726 1578 in
739 1553 817 1580 vobis
830 1553 1006 1590 intelligentia

216 1597 338 1631 perierit.
354 1596 414 1624 Jam
427 1598 500 1632 quod
520 1598 661 1633 proprium
681 1602 735 1638 est,
750 1603 778 1626 et
800 1598 870 1626 illam
886 1607 918 1628 ac
939 1601 1006 1628 sub-

217 1643 315 1670 stantia
331 1643 434 1676 divina,
457 1648 485 1670 et
505 1651 539 1671 ex
565 1644 624 1679 ipsa
649 1645 773 1672 naturale
787 1653 918 1680 germen,
939 1647 1006 1682 quid

216 1687 289 1714 aliud
304 1687 396 1720 fuerit,
415 1687 468 1715 nisi
483 1694 682 1724 consequenter
694 1690 809 1725 genitori
825 1691 1007 1719 consubstan-

219 1733 283 1759 tiale
299 1742 305 1759 :
324 1733 369 1760 illa
394 1734 495 1769 quippe
519 1740 583 1761 nota
608 1740 651 1762 est
665 1735 725 1762 Filii
744 1744 806 1771 erga
826 1736 943 1764 Patrem.
972 1737 1006 1765 Et

218 1779 271 1806 hoc.
287 1779 334 1814 qui
350 1785 442 1815 negat,
464 1780 488 1808 is
502 1781 614 1809 minimc
627 1782 714 1810 credit
738 1781 856 1810 Verbum
879 1791 940 1812 esse
957 1791 1005 1812 na-

217 1831 277 1852 tura
294 1834 327 1853 ac
340 1834 403 1854 vere
419 1826 528 1854 Filium.

252 1870 279 1898 9.
300 1870 369 1898 Cum
386 1879 443 1899 rem
459 1873 496 1900 ita
512 1873 694 1909 intelligerent
704 1874 808 1907 Patres.
824 1875 1002 1910 scripserunt,

217 1917 316 1945 Filium
331 1926 393 1947 esse
407 1919 482 1946 Patri
496 1920 754 1949 consubstantialem
767 1931 774 1955 ;
790 1926 818 1949 et
831 1922 1004 1950 anathemate

217 1963 418 1992 damnaverunt
431 1972 480 1992 eos
495 1965 542 2000 qui
557 1965 690 1999 dicerent,
707 1966 804 1994 Filium
825 1975 857 1994 ex
875 1967 928 1994 alia
943 1975 1003 1995 esse

217 2010 391 2038 substantia:
409 2019 498 2047 neque
514 2012 595 2039 verba
612 2013 746 2047 ejusmodi
760 2014 906 2041 commenti
927 2019 1000 2048 sunt,

217 2056 263 2085 sed
280 2064 312 2084 ea
329 2057 381 2092 ipsi
396 2065 412 2084 a
425 2057 524 2092 priscis
539 2056 669 2086 Patribus
680 2059 856 2092 edidicerant,
873 2060 912 2087 uti
929 2060 1001 2087 dixi-

216 2107 288 2126 mus.
309 2098 358 2126 His
377 2099 459 2135 igitur
485 2100 521 2127 ita
543 2102 773 2133 commonstratis,
802 2101 937 2136 superﬂua
960 2107 1002 2131 est

214 2143 320 2179 quasa‘b
331 2145 385 2172 illis
399 2145 511 2172 aﬂ'ertur
522 2144 704 2174 Ariminensis
717 2147 849 2182 synodus,
864 2148 999 2183 superﬂua

213 2193 242 2217 et
254 2190 306 2218 alia
322 2190 356 2218 ab
378 2191 446 2226 ipsis
467 2192 642 2227 synodusde
660 2193 711 2220 ﬁde
727 2194 870 2228 appellata.
896 2193 1001 2222 Sufﬁcit
1016 2183 1038 2210 Β

213 2237 285 2264 enim
302 2236 412 2264 Nicena
422 2246 483 2272 qua:
498 2246 559 2266 cum
574 2239 671 2274 priscis
696 2240 831 2275 episcopis
853 2241 998 2273 consentit,

215 2284 241 2310 in
258 2291 312 2318 qua
333 2284 428 2311 Patres
445 2284 566 2319 ipsorum
584 2285 782 2320 subscripsere,
798 2294 868 2322 quos
881 2289 997 2315 revereri

214 2329 275 2357 illos
286 2330 418 2363 oportuit,
441 2338 475 2358 ne
502 2331 593 2359 omnia
618 2333 709 2367 potius
740 2341 821 2368 quam
851 2334 998 2362 Christiani

217 2373 377 2402 habeantur.
394 2373 472 2408 Quod
486 2376 509 2403 si
521 2381 582 2411 post
597 2377 654 2405 lucc
667 2382 752 2410 tanta,
771 2382 834 2413 post
844 2379 997 2414 priscorum

248 2463 271 2479 “
289 2463 370 2492 Joan.
385 2473 411 2498 χ,
431 2466 475 2493 50.
514 2465 537 2481 ⁸⁷
555 2465 634 2494 Joan.
652 2475 708 2500 xtv,
789 2467 812 2483 ⁸⁸
830 2465 887 2496 lac.
903 2468 980 2501 1,11.

254 2545 311 2581 (7.3)
338 2545 413 2572 Ἐστι
428 2545 504 2573 deest
515 2545 543 2581 in
557 2546 716 2581 Anglicano.

249 2579 304 2616 (74)
324 2581 379 2607 Καί
397 2581 473 2608 deest
489 2581 517 2608 in
534 2579 630 2616 Regio.

248 2614 305 2649 (75)
325 2616 480 2655 Legendqm
499 2614 678 2655 putamus._é§
692 2618 790 2655 ἀρετῆς
804 2617 848 2655 ἦς,
865 2619 998 2655 omissum

215 2656 310 2690 nempe
321 2649 431 2690 videtur
443 2649 478 2686 ἦς
491 2649 526 2679 οι)
539 2649 724 2690 repetitionem
742 2649 863 2688 ejusdem
877 2654 997 2690 syllabae,

216 2686 286 2719 quod
295 2685 462 2721 plerumque
474 2685 617 2721 contingit.

249 2719 304 2759 (7.6)
326 2719 435 2759 Regius,
448 2721 535 2759 ταῦτα
549 2719 729 2759 δὲποιότητος
744 2724 790 2750 καὶ
803 2724 906 2755 οὐσίας,
918 2725 999 2752 omis-

213 2755 251 2784 sis
273 2755 450 2794 interpositis,
461 2757 495 2794 διξ
508 2755 719 2793 ὁμοιοτέλευτον.
731 2759 799 2786 lbid.
814 2759 931 2794 Anglia,
947 2759 991 2786 λέ-

212 2798 300 2825 γεπαι.
311 2791 366 2826 Καὶ
379 2791 422 2826 τίς
438 2792 519 2826 ὑμᾶς.

248 2825 305 2862 (77)
325 2825 364 2853 lta
379 2825 486 2862 Regius.
505 2827 533 2855 In
548 2827 627 2856 editis
639 2835 713 2863 vero,
727 2829 770 2856 διὰ
785 2828 829 2856 τοῦ
848 2829 933 2858 deest.

527 110 556 137 S.
577 110 764 138 ATHANASII
783 111 859 139 OPP.
879 111 969 139 PARS
988 110 1009 138 Ι.
1029 125 1062 130 —-
1082 110 1270 139 lllSTORlCA
1290 110 1334 138 ET
1353 110 1563 139 DOGMATICA.

1772 113 1828 143 ιρις

1031 172 1054 200 Α
1070 170 1146 206 Ἔχει
1172 170 1200 197 δὲ
1227 170 1258 196 τὸ
1275 169 1388 202 κτίζειν,
1412 169 1443 196 τὸ
1455 169 1639 205 δημιουργεῖν,
1659 170 1688 197 τὸ
1701 171 1786 205 dum,
1806 174 1831 201 τὺ

1067 214 1134 243 εἷναι
1157 217 1368 252 παντοκράτωρ,
1382 216 1414 243 τὸ
1432 216 1575 251 ἄτρεπτον.
1599 216 1638 243 Τὰ
1653 217 1680 244 δι
1700 220 1791 255 γενητὰ
1806 221 1831 247 οὐ

1066 261 1176 288 δύναται
1193 261 1263 297 ἔχειν
1277 263 1307 288 τὸ
1317 263 1492 298 δημιουργεῖν
1501 271 1508 277 ·
1521 262 1617 289 κτιστὰ
1627 263 1679 298 γὰρ
1693 264 1774 291 ἐστιν*
1783 266 1832 292 οὐδε

1066 308 1096 334 τὸ
1110 308 1208 335 ἀΐδιον·
1226 308 1313 344 ἀρχὴν
1327 309 1380 344 γὰρ
1395 308 1451 344 ἔχει
1467 308 1514 335 τοῦ
1531 306 1600 335 εἶναι
1614 318 1621 324 ·
1635 309 1692 336 οὐδὲ
1705 310 1734 336 τὸ
1748 319 1833 337 παπο-

1066 354 1177 390 κράτωρ
1191 354 1239 381 καὶ
1253 353 1387 390 ἄτρεπτον
1396 363 1402 369 ⁸
1421 354 1595 390 κρατούμενα
1609 355 1661 390 γὰρ
1673 357 1717 382 καὶ
1731 358 1835 392 τρεπτῆς

1067 399 1173 435 φύσεώς
1188 402 1271 432 ἐστιν,
1285 400 1378 436 ὥσπερ
1391 401 1419 427 αἱ
1432 401 1539 436 Γραψαὶ
1552 401 1684 436 λέγουσιν.
1707 403 1800 430 Οὐκοῦν
1815 405 1835 430 εἰ

1065 446 1151 473 ταῦτα
1174 446 1222 473 τοῦ
1249 446 1314 473 Υἱοῦ
1331 447 1415 478 ἐστιν,
1430 448 1480 473 οὐκ
1502 447 1531 479 ἐξ
1545 448 1654 483 ἀρετῆς,
1668 448 1705 478 ὡς
1727 448 1835 484 εἴπομεν,

1066 493 1133 519 ἀλλὰ
1148 493 1200 528 τῆς
1216 493 1311 525 οὐσίας
1321 493 1404 520 αὺτοῦ
1422 494 1480 520 ἐστι
1500 494 1557 529 (75)
1571 494 1707 529 δηλονότι,
1722 495 1757 527 ὼς
1771 494 1836 523 εἷπεν

1065 540 1082 574 ἡ
1097 538 1204 571 σύνοδος
1217 547 1224 555 ·
1237 540 1287 566 οὐκ
1303 539 1332 572 ἐξ
1348 539 1430 574 ἄλλης
1441 540 1534 572 οὐσίας
1549 541 1623 567 ἐστὶν
1634 561 1640 572 ,
1657 541 1723 568 ἀλλὰ
1738 541 1783 576 τῆς
1797 542 1837 568 τοῦ

1066 585 1182 620 Πατρὸς,
1198 582 1232 622 ἧς
1250 587 1307 612 ἐστι
1323 586 1368 612 καὶ
1384 585 1470 612 ταῦτα
1491 586 1560 612 ῐδια·
1577 587 1607 613 τὸ
1622 587 1651 614 δὲ
1672 588 1719 622 τῆς
1735 587 1778 613 τοῦ
1791 588 1838 614 Πα-

1064 631 1128 667 τρὸς
1141 631 1235 662 ούσίας
1250 631 1326 664 ῐδιον,
1340 631 1388 658 καὶ
1402 631 1432 664 ἐξ
1445 632 1530 667 αὐτῆς
1555 633 1687 669 γέννημα,
1702 632 1728 659 τί
1742 632 1772 659 ἂν
1792 633 1837 668 εἴη,

1065 676 1081 711 ἢ
1099 675 1157 706 πῶς
1176 675 1209 702 ἄν
1218 684 1260 707 τις
1274 677 1433 712 ὀνομάσειεν
1447 677 1524 709 αὐτὸ,
1549 677 1566 713 ἥ
1590 678 1745 714 όμοούσιον;
1757 678 1773 705 ᾶ
1793 678 1839 714 γὰρ

1066 721 1157 757 βλέπει
1170 731 1211 754 τις
1226 723 1255 749 ὲν
1271 723 1310 759 τῷ
1325 723 1423 759 Πατρὶ.
1436 724 1523 751 ταῦτα
1539 724 1632 760 βλέπει
1645 726 1691 752 καὶ
1705 725 1757 760 (74)
1771 725 1797 751 ὲν
1807 725 1840 760 τῷ

1066 768 1137 802 Υῐῷ·
1159 760 1217 803 nis
1240 768 1269 795 δὲ
1284 769 1334 796 οὐκ
1358 770 1391 796 ὲκ
1409 769 1560 805 μετουσίας,
1576 770 1646 797 ἀλλὰ
1667 772 1724 797 κατ’
1747 771 1839 797 οὐσίαν.

1065 813 1120 840 Καὶ
1133 813 1212 840 τοῦτό
1222 814 1296 841 ἐστιν
1309 823 1316 830 ³
1339 815 1410 850 Ἐγὼ
1424 816 1473 842 καὶ
1484 817 1501 843 ὁ
1513 816 1613 851 Πατὴρ
1626 816 1661 843 ἓν
1674 818 1779 852 ἐσμεν,
1791 818 1840 849 καὶ,

1028 843 1049 871 Β
1069 858 1095 884 'O
1110 859 1163 894 ἐμὲ
1184 859 1321 893 ἑωρακὼς
1346 843 1458 895 ἑώρακε
1478 862 1531 888 τὸν
1552 843 1679 897 Ποῖτέρα.
1695 843 1804 894 tanta
1816 843 1840 888 τέ

1063 905 1110 932 καὶ
1126 906 1158 932 ὲκ
1173 906 1267 932 τούτου
1284 907 1364 934 πάλιν
1377 907 1459 934 καλὸν
1471 907 1607 934 δεικνύναι
1629 909 1680 944 τὴν
1700 908 1841 943 ἀφροσύνην

1061 952 1168 978 αὐτῶν·
1180 953 1205 978 εἰ
1217 952 1246 985 ἐξ
1259 953 1360 988 ἀρετῆς
1378 953 1434 988 (75)
1451 952 1548 980 ἕπεται
1558 954 1589 980 τδ
1603 954 1692 981 Θέλειν
1707 955 1752 981 καὶ
1764 954 1793 980 τὸ
1811 954 1842 989 μὴ

1061 998 1161 1030 θέλειν,
1183 999 1230 1024 καὶ
1248 999 1357 1034 τρόπων
1382 998 1538 1034 βελτίωσις,
1566 1000 1659 1035 ὅμοιος
1681 1000 1740 1027 καθ’
1752 1000 1842 1036 ὑμᾶςό

1061 1044 1126 1076 Υἱός
1143 1045 1201 1071 ἐστι
1217 1044 1255 1079 τῷ
1271 1044 1375 1079 Πατρί”
1393 1044 1480 1070 ταῦτα
1494 1044 1523 1071 δὲ
1548 1045 1691 1081 ποιότητος
1717 1045 1767 1073 ῐδια
1779 1045 1841 1080 (76)·

1059 1089 1178 1125 δηλονότι
1194 1090 1322 1117 σύνθετον
1340 1090 1386 1116 τὸν
1402 1090 1469 1117 Θεὸν
1484 1091 1516 1117 ὲκ
1531 1091 1677 1127 ποιότητος
1692 1092 1738 1118 καὶ
1760 1091 1842 1122 οὐσίας

1060 1135 1164 1169 λέγετε.
1182 1136 1235 1163 Καὶ
1251 1137 1292 1168 τίς
1309 1136 1386 1172 ὑμῶν
1401 1136 1526 1170 ἀνέξεται
1541 1137 1629 1164 ταῦτα
1645 1137 1793 1172 λεγόντων⁸
1816 1137 1842 1164 οὐ

1059 1180 1114 1216 γὰρ
1132 1180 1257 1212 σύνθετος
1269 1182 1283 1208 ὁ
1296 1181 1362 1213 Θεὸς
1378 1181 1392 1207 ὁ
1403 1181 1438 1208 τὰ
1456 1182 1546 1209 πάντα.
1559 1184 1598 1214 εἰς
1622 1183 1654 1210 τὸ
1668 1181 1736 1210 εἶναι
1759 1191 1842 1209 συντε-

1059 1224 1173 1257 θεικὼς,
1197 1225 1257 1252 οὐδὲ
1279 1226 1411 1258 τοιοῦτος,
1430 1223 1474 1253 οἷά
1492 1227 1550 1253 ἐστι
1567 1227 1602 1254 τὰ
1632 1228 1698 1263 παρ’
1714 1227 1792 1254 αὑτοῦ
1806 1227 1843 1254 διὰ

1057 1270 1104 1296 τοῦ
1118 1270 1174 1306 (77)
1198 1271 1286 1306 Λόγου
1314 1272 1458 1307 γενόμενα,
1477 1272 1514 1308 μὴ
1531 1273 1653 1307 γένοιτοῐ
1685 1274 1769 1309 Ἅπλῆ
1796 1273 1844 1308 γάρ

1058 1317 1133 1343 ἐστιν
1163 1317 1253 1351 οὐσία,
1280 1314 1338 1354 ἐνῇ
1357 1318 1407 1344 οὐκ
1422 1317 1460 1344 ἔνι
1473 1319 1594 1356 ποιότης,
1609 1321 1684 1353 οὐδὲ,
1697 1321 1735 1352 ὡς
1751 1318 1843 1346 εἶπενὸ

1064 1363 1190 1395 Ἰάκωϐος
1201 1382 1209 1395 ,
1228 1363 1410 1398 Παραλιῑαγή
1425 1373 1471 1397 τις
1484 1365 1504 1399 ἣ
1519 1366 1635 1400 τροπῆς
1646 1367 1842 1401 ἀποσκίασμα.

1057 1408 1161 1435 Οὐκοῦν
1185 1409 1210 1435 ει
1226 1409 1363 1436 δείκνυται
1391 1411 1441 1437 οὐκ
1473 1411 1503 1443 ἐξ
1520 1411 1625 1447 ἀρετῆς
1642 1413 1719 1449 (78)’
1745 1413 1774 1439 ού
1795 1411 1843 1446 γὰρ

1057 1454 1171 1489 ποιότης
1185 1455 1215 1481 ὲν
1225 1454 1265 1490 τῷ
1276 1455 1346 1491 Θεῷ,
1361 1455 1423 1482 οὔτε
1439 1457 1468 1483 ὲν
1489 1457 1529 1492 τῷ
1551 1457 1609 1493 Υίῷ
1622 1467 1629 1473 ·
1657 1458 1777 1495 δηλονότι
1799 1458 1843 1492 τῆς

1058 1500 1153 1532 οὐσίας
1169 1501 1234 1533 ἴδιος
1249 1501 1282 1529 ἂν
1294 1502 1335 1538 εἴη
1349 1512 1356 1518 ·
1370 1503 1418 1530 καὶ
1431 1503 1510 1530 τοῦτο
1525 1505 1637 1537 πάντως
1653 1506 1841 1541 ὁμολογήσετε,

1058 1548 1081 1573 εί
1098 1546 1135 1582 μὴ
1146 1547 1238 1574 τέλεον
1259 1548 1290 1575 τὸ
1313 1550 1383 1576 νοεῖν
1398 1549 1523 1577 ἀπώλετο
1546 1552 1575 1577 ὲν
1601 1552 1669 1587 ὑμῖν
1691 1553 1757 1587 (79).
1773 1551 1807 1578 Τὸ
1820 1550 1843 1577 Σὲ

1058 1591 1125 1618 ἴδιον
1137 1593 1184 1619 καὶ
1197 1593 1295 1620 ταύτὸν
1308 1595 1342 1630 τῇ
1352 1595 1398 1621 τοῦ
1413 1595 1481 1622 Θεοῦ
1498 1596 1577 1632 οὐσίᾳ
1586 1597 1635 1623 καὶ
1652 1597 1683 1630 ἐξ
1694 1598 1777 1631 αὐτῆς
1789 1597 1837 1631 γέν-

1056 1647 1130 1674 νημα
1143 1639 1223 1674 φύσει
1243 1641 1377 1676 τυγχάνον
1391 1641 1418 1668 τί
1432 1641 1465 1669 ἂν
1480 1643 1533 1678 εἴη,
1560 1643 1576 1678 ἥ
1607 1644 1689 1671 πάλιν
1714 1645 1761 1671 καὶ
1780 1643 1842 1670 κατὰ

1055 1684 1134 1711 τοῦτο
1147 1685 1289 1720 ὁμοούσιον
1300 1686 1340 1721 τῷ
1349 1687 1510 1723 γεννήσαντι
1523 1696 1530 1720 ;
1543 1688 1625 1715 τοῦτο
1639 1690 1696 1725 γὰρ
1709 1689 1773 1716 Υἱοῦ
1783 1687 1841 1725 πρὸς

1056 1730 1166 1766 Πατέρα
1179 1731 1332 1768 γνώρισμα.
1347 1733 1401 1760 Καὶ
1417 1734 1430 1760 ό
1446 1734 1483 1769 μὴ
1499 1735 1577 1762 τοῦτο
1590 1735 1690 1771 λέγων,
1703 1738 1733 1764 οὐ
1748 1736 1841 1772 φρονεῖν

1056 1775 1134 1810 φύσει
1149 1778 1197 1804 καὶ
1206 1777 1314 1813 ἀληθῶς
1330 1778 1395 1806 Υῐὸν
1413 1778 1483 1806 εἶναι
1497 1780 1543 1807 τὸν
1557 1780 1657 1816 Λόγον.

1089 1880 1117 1908 9.
1133 1880 1210 1907 Οὕτω
1224 1881 1370 1917 νοήσαντες
1382 1882 1407 1908 οἱ
1422 1883 1553 1919 Πατέρες,
1568 1883 1695 1920 ἔγραψαν
1707 1883 1841 1920 ὁμοούσιον

1053 1922 1122 1952 εἶναι
1138 1925 1184 1952 τὸν
1200 1926 1263 1953 Υίδν
1276 1926 1314 1962 τῷ
1325 1927 1431 1962 ’Πατρὶ,
1444 1928 1492 1955 καὶ
1503 1928 1709 1964 ἀνεθεμάτισαν
1722 1930 1783 1962 τοὺς
1800 1928 1839 1956 λι-

1053 1979 1150 2004 γοντας
1165 1971 1194 2004 ἐξ
1211 1972 1306 2007 ἑτέρας
1323 1973 1498 2005 ὑποστάσεως
1519 1972 1588 2001 εἶναι
1611 1976 1660 2002 τὸν
1690 1977 1754 2004 Υἱόν
1767 1985 1773 1991 '
1797 1975 1840 2009 οὐχ

1053 2015 1158 2048 ἑαυτοῖς
1176 2016 1343 2052 πλασάμενοι
1356 2019 1453 2053 λέξεις,
1470 2019 1538 2047 ἀλλὰ
1558 2021 1605 2047 καὶ
1618 2022 1700 2049 αὐτοὶ
1718 2022 1772 2050 ἀπὸ
1791 2021 1840 2048 τῶν

1052 2061 1105 2097 πρὸ
1126 2058 1227 2089 αὐτῶν
1241 2063 1371 2100 Πατέρων
1390 2065 1530 2100 μαθόντες,
1561 2067 1693 2104 καθάπερ
1723 2069 1839 2104 εἴπομεν.

1052 2107 1160 2134 Τούτων
1174 2108 1202 2134 δὲ
1215 2108 1286 2136 οὕτω
1301 2109 1492 2145 δεικνυμένων,
1505 2113 1618 2149 περιττὴ
1634 2115 1728 2142 αὐτῶν
1740 2116 1757 2151 ή
1776 2115 1839 2150 Ἀρί-

1054 2162 1147 2189 μηνος,
1162 2154 1276 2191 περιττὴ
1291 2155 1337 2182 καὶ
1350 2157 1366 2192 ἠ
1382 2155 1437 2191 (80)
1451 2157 1517 2193 ἄλλη
1532 2160 1597 2194 παρ’
1612 2161 1706 2187 αὐτῶν
1714 2160 1839 2197 ὀνομαζο-

1055 2198 1121 2233 μένη
1134 2200 1198 2234 περ)⁹
1215 2199 1331 2232 πίστεως
1349 2202 1465 2234 σύνοδος.
1485 2203 1577 2239 Ἀρκεῖ
1588 2205 1646 2241 γὰρ
1662 2207 1678 2242 ἡ
1701 2207 1730 2234 ὲν
1744 2207 1839 2242 Νικαίᾳ

1053 2243 1198 2279 σύμφωνος
1212 2243 1279 2272 οὖσα
1292 2246 1339 2272 καὶ
1361 2249 1417 2279 τοῖς
1432 2248 1556 2284 ἀρχαίοις
1575 2250 1757 2287 ἐπισκόποις,
1773 2255 1801 2280 ἐν

1052 2290 1099 2316 καὶ
1108 2290 1132 2316 οἱ
1147 2291 1268 2327 Πατέρες
1282 2292 1372 2319 αὐτῶν
1386 2293 1557 2330 ὑπέγραψαν,
1570 2295 1618 2325 οὒς
1634 2298 1770 2326 αἰδεῖσθαι
1782 2298 1838 2325 τού-

1051 2344 1114 2367 τους
1128 2335 1257 2372 ἐπρεπεν,
1270 2338 1313 2366 ἵνα.
1331 2338 1368 2375 μὴ
1380 2339 1468 2366 πάντα
1486 2341 1611 2377 μᾶλλονῆ
1628 2344 1788 2380 Χριστιανοὶ
1799 2352 1837 2370 νο-

1053 2381 1193 2416 μισθῶσιν.
1211 2383 1242 2409 Εἰ
1267 2383 1296 2410 δὲ
1312 2384 1360 2410 καὶ
1385 2385 1453 2420 μετὰ
1483 2386 1610 2419 τοσαῦτα,
1641 2390 1713 2423 μετὰ
1733 2389 1778 2416 καὶ
1791 2390 1837 2424 τὴν

1087 2551 1142 2590 (78)
1163 2552 1202 2580 Ita
1210 2553 1491 2590 AAriglicanus,_atque
1510 2554 1548 2582 ita
1573 2555 1641 2590 legit
1659 2555 1786 2584 Nannius
1799 2565 1836 2583 re-

1051 2591 1104 2628 ste.
1133 2587 1272 2628 l'nneditis’
1285 2593 1312 2615 et
1335 2587 1450 2628 iit-aliis,
1466 2589 1515 2615 οὐκ
1528 2587 1613 2618 deest:
1633 2592 1708 2619 Intra
1724 2592 1834 2628 Regina,

1051 2622 1124 2653 ῑδιος.
1139 2622 1210 2649 Editi
1224 2631 1288 2650 vero
1300 2628 1327 2651 et
1342 2624 1398 2655 alii,
1414 2623 1486 2651 [διον.

1085 2657 1143 2697 (79)
1160 2657 1262 2697 Regius
1281 2662 1310 2686 et
1331 2659 1507 2694 Anglicanus,
1522 2661 1550 2687 ἐν
1574 2661 1653 2697 ὑμῖν.
1676 2663 1746 2690 Editi
1761 2670 1833 2693 vero,

1049 2691 1078 2718 ὲν
1090 2694 1157 2727 ἡμῖν
1170 2691 1251 2720 male.

1084 2727 1140 2769 (8_0)
1162 2728 1202 2769 Ita
1219 2727 1395 2769 Qnglicanps.
1408 2727 1447 2769 "In
1475 2729 1604 2769 editiset
1627 2732 1702 2769 aliis,
1718 2734 1734 2769 ἡ
1750 2734 1833 2769 ἀρθείς

1045 2761 1129 2790 Paulo
1142 2767 1208 2804 post
1224 2761 1523 2804 ﬁeézeuAnglicanus,
1549 2767 1642 2803 Ἀρκεῖ
1663 2761 1734 2804 γᾶρί
1764 2767 1832 2796 Editi

1044 2805 1108 2826 vero
1123 2803 1149 2826 et
1165 2798 1304 2832 alii,'Exet
1317 2798 1380 2834 γάρ.
