1954 3041
97 140 109 166 1
114 138 166 167 0L5

606 135 776 164 EPISTOLA
793 136 838 163 AD
858 135 971 164 AFROS
991 134 1189 164 EPISCOPOS.

1649 137 1716 165 1036

99 193 251 232 μαρτυρίαν
272 193 326 220 τῶν
349 193 470 230 ἀρχαίων
493 194 649 221 ἐπισκόπων
663 214 670 227 ,
688 195 735 221 καὶ
753 195 821 230 μετὰ
836 194 884 230 τὴν

940 195 1123 230 episcoporum
1141 194 1338 228 testimonium,
1352 199 1414 230 post
1426 195 1652 231 subscriptionem
1665 195 1716 223 Pa—

97 240 258 277 ὑπογραφὴν
283 240 337 268 τῶν
362 240 433 267 ἰδίων
457 241 597 276 Πατέρων,
612 240 834 276 προσποιοῦνται,
848 241 885 272 ὡς

96 287 269 323 ἀγνοοῦντες,
287 287 337 322 τὴν
348 286 421 320 λέξιν
433 287 572 322 φοϐεῖσθαι
585 286 631 313 τοῦ
641 287 794 322 ὁμοουσίου,
809 287 886 313 εἰπά-

96 342 187 361 τωσαν
198 333 246 360 καὶ
258 333 441 368 φρονείτωσαν
457 332 640 368 ἁπλούστερον
656 333 704 368 μὲν
720 333 767 359 καὶ
780 332 886 368 ἀληθῶς

96 380 142 406 τὸν
155 379 218 406 Υίὺν
227 379 307 414 φύσει
324 379 397 411 Υἰὸν,
407 379 685 414 ἀναθεματισάτωσαν
699 379 727 407 δὲ
740 400 746 411 ,
762 379 799 411 ὡς
813 388 886 415 παρ-

97 425 225 461 ήγγειλεν
243 426 259 460 ἡ
278 425 396 456 σύνοδος,
407 426 470 457 τοὺς
480 426 607 460 λέγοντας
618 427 730 462 κτίσμα,
741 426 758 461 ἢ
771 426 886 462 ποίημα,

96 470 155 507 ῆὲε
173 472 222 498 οὐκ
234 471 330 504 ὄντων,
344 471 378 507 ἢ,
394 469 448 498 *Ην
469 480 534 498 ποτε
547 473 592 499 ὅτε
607 473 658 499 οὐκ
674 470 709 508 ἦν
719 473 734 499 6
752 472 814 504 Υἱός
839 471 886 498 τοῦ

96 516 181 545 Θεοῦ·
209 517 256 544 καὶ
280 518 321 544 ὅτι
338 518 453 553 τρεπτὺς
478 518 527 545 καὶ
541 518 685 550 ὰλλοίωτός
699 519 769 550 ἐστι,
793 518 841 545 καὶ
857 518 886 552 ἐξ

97 563 194 599 ἑτέρας
206 563 262 598 (81)
280 564 471 596 ὑποστάσεως·
485 565 532 591 καὶ
560 564 631 591 οὕτω
647 564 821 598 φευγέτωσαν
833 564 887 591 ἀπὸ

97 609 146 644 τῆς
171 609 312 644 ’Λρειανῆς
328 609 459 644 αἱρέσεως
473 618 481 626 ι
505 609 552 636 καὶ
580 609 746 646 Θαρῤοῦμεν,
761 611 802 636 ὅτι
822 618 887 645 γνη-

97 653 163 685 σίως
179 653 263 680 ταῦτα
278 654 521 690 ἀναθεματίζοντες
533 654 709 690 ὁμολογοῦσιν
733 655 830 688 εὐθὺς,
855 656 887 682 ὲκ

96 699 145 734 τῆς
167 699 260 732 οὐσίας
276 700 323 727 καὶ
345 701 488 736 ὸμοούσιον
504 699 573 728 εἶναι
595 702 642 729 τὸν
656 702 720 728 Υἱδν
734 702 773 737 τῷ
788 702 885 737 Πατρί.

95 745 145 772 Διὰ
154 745 233 772 τοῦτο
245 745 299 780 γὰρ
323 746 370 773 καὶ
394 747 418 773 οἱ
432 747 564 783 Πατέρες,
580 747 722 783 εἰρηκότες
745 747 888 783 όμοούσιον

96 787 166 817 εἶναι
187 791 232 817 τὸν
254 791 330 821 Υἰὸν.
348 792 486 827 ἐπήγαγον
500 792 597 824 εὐθύς·
616 793 685 824 Τοὺς
710 793 738 819 δὲ
758 793 888 826 λέγοντας

97 835 210 871 κτίσμα,
225 836 242 872 ἦ
257 835 372 872 ποίημα,
386 837 402 872 ἧ
418 837 446 870 ἐξ
456 837 506 864 οὐκ
519 837 612 870 ὄντων,
627 836 723 873 ἢ,⁷Ην
746 846 822 870 ποτε,
843 838 888 864 ὅτε

96 882 146 909 οὐκ
158 880 203 918 ἧν,
216 882 410 918 ἁναθεματίζει
426 885 442 919 ἠ
456 883 594 920 Καθολικὴ
606 884 752 919 Ἐκκλησία
764 892 771 899 ·
786 884 829 911 ἵνα
843 883 887 910 διὰ
903 876 923 906 Β

97 927 198 954 τούτων
209 928 390 964 γνωρίσωσιν,
407 929 449 955 ὅτι
463 928 549 956 ταῦτα
566 930 692 965 σημαίνει
709 930 764 966 (82)
781 930 810 957 τὸ
821 931 888 966 όμο-

97 972 197 999 ούσιον.
212 974 268 1000 Καὶ
282 975 298 1010 ὴ
312 973 359 1000 τοῦ
380 975 523 1010 ὸμοουσίου
540 975 655 1012 δύναμις
670 976 833 1011 γινώσκεται
855 977 889 1003 ὲκ

97 1018 143 1045 τοῦ
162 1019 200 1054 μὴ
223 1017 294 1046 εἶναι
314 1020 415 1056 κτίσμα
431 1021 447 1056 ἢ
468 1021 574 1058 ποίημα
587 1022 632 1049 τὸν
652 1022 715 1050 Υίόν
727 1031 734 1038 ο
758 1024 805 1050 καὶ
821 1023 887 1050 ὃτιό

97 1064 183 1098 λέγων
196 1066 337 1100 όμοοὺσιον
365 1066 395 1093 οὐ
417 1069 510 1102 φρονεί
529 1068 632 1103 κτίσμα
646 1066 715 1096 εῖναι
727 1069 772 1096 τὸν
785 1069 886 1103 Λόγον·

98 1110 145 1136 καὶ
161 1111 175 1137 ό
189 1110 396 1146 ἀναθεματίζων
408 1112 442 1139 τὰ
456 1114 642 1149 προειρημένα
666 1115 807 1150 όμοούσιον
831 1114 889 1150 ἅμα

98 1154 267 1191 φρονεῖεῖναι
276 1156 321 1183 τόν
337 1157 400 1184 Υίὸν
420 1157 458 1193 τῷ
475 1159 561 1194 Πατρί
572 1167 578 1174 ·
596 1159 644 1185 καὶ
661 1160 676 1185 ό
691 1159 832 1195 όμοοὺσιον
848 1159 891 1186 λέ-

98 1209 153 1235 γων
170 1202 279 1237 γνήσιον
290 1202 337 1229 καὶ
352 1202 478 1238 ἀληθινὸν
493 1203 567 1238 λέγει
585 1205 631 1232 τὸν
653 1204 718 1231 Υἱὸν
743 1204 789 1231 τοῦ
811 1205 888 1232 Θεοῦ.

100 1246 154 1274 Καὶ
165 1248 179 1274 ό
191 1248 307 1284 Γνήσιον
325 1248 416 1283 λέγων
427 1251 483 1276 νοεῖ
495 1250 524 1276 τό
534 1258 541 1264 ·
562 1249 633 1283 Ἐγὼ
653 1250 702 1277 καὶ
711 1252 726 1277 ό
741 1249 842 1286 Πατὴρ
856 1250 890 1278 ἓν

99 1291 193 1327 ἐσμεν
202 1301 208 1308 ·
222 1293 278 1326 καὶ,
299 1293 325 1319 '0
341 1293 476 1328 ἑωρακὼς
487 1295 539 1330 ἐμὲ
553 1295 663 1329 ἑώρακε
679 1294 732 1322 τὸν
745 1295 870 1330 Πατέρα.

101 1338 134 1366 Et
147 1339 194 1374 qui
209 1339 275 1367 dicit
288 1347 460 1374 germanum,
475 1341 559 1375 probe
574 1341 699 1377 intelligit
719 1341 786 1369 illud
800 1349 807 1368 ε
823 1340 877 1376 Ego
893 1346 918 1368 et

101 1395 179 1427 ,rem.

136 1434 179 1462 10.
196 1435 317 1469 Ἐπρεπε
331 1434 379 1470 μὲν
392 1432 439 1461 οῦν
454 1434 498 1461 διὰ
510 1434 640 1462 πλειόνων
655 1435 690 1463 τὰ
700 1435 812 1463 τοιαῦτα
819 1435 886 1473 γρά-

100 1489 176 1515 φειν’
195 1481 288 1516 ἐπειδὴ
305 1481 333 1508 δὲ
351 1481 418 1517 πρὸς
439 1481 544 1513 εἰδότας
569 1482 640 1517 ὑμᾶς
656 1482 798 1518 γράφομεν
817 1482 884 1517 (85),

101 1525 145 1553 διὰ
155 1525 233 1552 τοῦτο
245 1525 384 1561 συντόμως
397 1526 627 1562 ὑπηγορεύσαμεν
637 1517 796 1563 ἐὖχόμενοι
812 1528 887 1563 παρὰ
901 1517 921 1546 C

101 1572 169 1598 πᾶσι
183 1570 315 1603 σώζεσθαι
329 1571 373 1598 τὸν
388 1571 537 1607 σύνδεσμον
552 1572 600 1607 τῆς
611 1573 732 1608 εἰρήνης,
753 1574 800 1600 καὶ
819 1573 887 1600 ardv-

100 1625 150 1649 τας
161 1617 223 1649 τοὺς
231 1617 281 1651 τῆς
288 1617 442 1653 Καθολικῆς
450 1617 613 1653 Ἑκκλησὶας
627 1619 656 1646 τὸ
665 1619 730 1646 αὐτὸ
745 1619 845 1654 λέγειν,
858 1619 889 1646 τὸ

100 1663 167 1689 αὐτὸ
178 1665 295 1698 φρονεῖν.
310 1664 364 1690 Καὶ
376 1664 424 1698 οὺχ
435 1663 472 1695 ὡς
480 1663 735 1696 διδάσκοντες,ἀλλὰ
747 1665 784 1696 ὡς
792 1665 889 1700 ὑπομι-

103 1709 267 1745 μνήσκοντές
278 1709 432 1745 ὲσμεν(84).
442 1710 538 1745 Ἐσμὲν
547 1709 575 1736 δὲ
586 1710 635 1746 οὐχ
643 1712 721 1746 ἡμεῖς
735 1711 760 1737 oi
771 1710 890 1746 γράφον-

100 1763 147 1786 τες
158 1755 244 1790 μόνοι,
268 1755 336 1782 ἀλλὰ
354 1757 401 1783 καὶ
416 1755 518 1789 πάντες
541 1757 565 1782 οἰ
583 1756 611 1783 ὲν
635 1758 668 1792 τῇ
690 1756 819 1791 Αίγύπτῳ
842 1757 889 1783 καὶ

101 1802 161 1832 ταῖς
176 1801 288 1833 Λιὸὐαις
302 1802 462 1837 ἐνενήκοντά
474 1811 525 1829 που
542 1803 695 1830 ἐπίσκοποι,
711 1802 823 1829 Πάντων
834 1802 889 1838 γὰρ

100 1845 131 1872 ῑν
146 1847 203 1872 ἐστι
216 1846 294 1873 τοῦτο
311 1846 447 1882 φρόνημα,
465 1847 511 1873 καὶ
527 1847 596 1885 ὑπὲρ
614 1846 736 1882 ἀλλήλων
758 1847 801 1874 ἀεὶ
823 1847 890 1873 ὑπο·

101 1890 263 1926 γράφομεν,
288 1891 336 1918 ἐὰν
366 1891 456 1927 συμϐῇ
484 1901 544 1919 τινα
575 1892 612 1928 μὴ
631 1894 767 1928 παρεῖναι.
798 1893 889 1926 υῦτως

100 1935 149 1963 οὖν
160 1936 215 1972 (85)
228 1936 405 1972 διακείμενοι,
419 1937 513 1971 ἐπειδὴ
530 1937 627 1973 συνέϐη
643 1937 780 1964 συνελθεῖν
804 1938 888 1973 ἡμᾶς,

101 1982 263 2018 ἐγράψαμεν
282 1982 327 2009 καὶ
341 1982 379 2018 τῷ
400 1982 534 2018 ἀγαπητῷ
550 1983 628 2019 ἡμῶν
639 1983 759 2019 Δαμάσῳ
775 1983 813 2018 τῷ
829 1983 889 2010 ἐπι-

103 2028 197 2063 σκόπῳ
212 2028 260 2063 τῆς
280 2029 402 2064 μεγάλης
427 2029 535 2066 Ῥώμης
550 2029 670 2065 περὶτοῦ
690 2030 834 2062 Λύξεντίου
842 2029 888 2056 τοῦ

105 2073 265 2106 λπελθόντος
282 2076 313 2110 τῇ
329 2076 357 2101 ὲν
372 2075 528 2110 Μεδιολάνῳ
547 2074 689 2111 ἐκκλησίᾳ,
717 2074 889 2110 διηγούμενοι

99 2119 136 2147 τὰ
151 2121 212 2147 κατ’
228 2121 308 2148 αὐτόν
318 2129 326 2136 ·
343 2122 383 2148 ὅτι
395 2129 424 2147 τε
438 2122 469 2148 οὐ
483 2121 562 2156 μόνον
582 2121 632 2156 τῆς
656 2121 797 2156 Ἀρειανῆς
819 2120 891 2155 αἰρέ-

102 2166 172 2198 σεώς
185 2167 242 2193 ἐστι
252 2167 387 2199 κοινωνὸς,
400 2167 468 2194 ἀλλὰ
480 2168 527 2194 καὶ
543 2167 692 2199 ὑπεύθυνός
713 2168 770 2193 ἐστι
784 2166 889 2198 πολλοῖς

101 2213 208 2245 κακοῖς,
222 2212 327 2248 πράξας
342 2212 429 2239 ταῦτα
444 2213 513 2248 μετὰ
529 2213 680 2249 Γρηγορίου
696 2212 742 2239 τοῦ
759 2211 887 2239 κοινωνοῦ

100 2255 152 2290 τῆς
176 2256 302 2288 ἀσεϐείας
324 2257 425 2284 αὐτοῦ·
443 2259 490 2284 καὶ
514 2258 697 2294 θαυμάζοντες
727 2257 785 2289 πῶς
807 2258 887 2293 μέχρι

100 2300 149 2328 νῦν
160 2302 189 2328 οὔ
206 2302 345 2338 καθῃρέθη
359 2302 406 2330 καὶ
413 2303 574 2338 ὲκὸἑὸληται
588 2305 637 2339 τῆς
656 2303 828 2338 Ἐκκλησίας,
840 2303 888 2330 καὶ

100 2347 181 2383 χάριν
195 2347 410 2384 ὡμολογήσαμεν
420 2351 453 2385 τῇ
467 2349 606 2386 θεοσεϐείᾳ
624 2349 706 2376 αὑτοῦ
722 2357 752 2376 τε
767 2350 813 2376 καὶ
831 2349 886 2376 τῶν

101 2392 282 2419 συνελθόντων
294 2394 322 2420 ὲν
338 2395 371 2429 τῇ
387 2395 491 2430 μεγάλῃ
509 2394 602 2430 Ῥώμῃ
612 2414 619 2426 ,
637 2395 677 2420 ὅτι
691 2394 736 2420 καὶ
752 2394 814 2426 τοὺς
823 2395 887 2430 περὶ

100 2437 253 2473 Οὺρσάκιον
269 2439 316 2466 κα)¹
331 2439 476 2472 Οὐάλεντα,
495 2441 542 2467 καὶ
557 2441 620 2472 τοὺς
632 2440 666 2467 τὰ
680 2440 750 2467 αὐτὰ
767 2440 821 2476 (86)
838 2441 886 2467 αὑ-

101 2484 158 2515 τοῖς
171 2485 336 2520 φρονοῦντας
350 2485 536 2519 ἐκὸἀλλοντες,
553 2486 657 2513 ἔσωσαν
676 2486 726 2522 τὴν
741 2487 890 2522 ὁμαψυχίαν

102 2528 152 2564 τῆς
170 2529 326 2565 Καθολικῆς
348 2531 511 2566 Ἐκκλησίας
523 2539 529 2546 ·
549 2532 582 2567 ἣν
598 2531 644 2558 καὶ
658 2532 721 2567 παρ’
735 2531 799 2567 ὑμῖν
813 2532 893 2567 εὐχό-

139 2594 195 2630 (81)
215 2595 449 2633 ᾼηςιὶροῃυπὸτι
473 2598 616 2633 ἄτρεπτος,
638 2599 687 2625 καὶ
709 2598 887 2632 ἀναλλοίωτός

103 2631 237 2667 ἐστι,βαί
252 2633 302 2658 οὐκ
315 2631 344 2664 ἐξ
360 2632 466 2667 ἐτέρας,
481 2631 559 2660 male.

132 2666 197 2706 _(_82)
219 2667 318 2700 ltegius
339 2672 366 2694 et
389 2666 472 2695 editio
496 2668 639 2701 Commei.,
655 2669 775 2705 σημαίνῃ
792 2669 886 2697 male:

103 2700 161 2731 alii.
178 2703 316 2736 σημαίνει,
670 2726 671 2729 η

140 2736 299 2775 (85)_Basil.
314 2742 341 2775 et
355 2739 531 2775 Anglicanus,
548 2739 699 2775 προειδόσιν
712 2739 777 2774 ὑμῖν
788 2741 890 2775 γράφο-

105 2778 166 2807 μεν.
187 2772 247 2800 Mox
265 2772 375 2809 Regius,
391 2772 630 2810 ὗπηγορεῷσαμεν.
650 2774 714 2807 Alii,
728 2772 890 2811 συνηγορεύ-

107 2813 204 2878 σαῶῒ
217 2841 255 2871 Ita
269 2842 369 2880 Regius
380 2852 461 2880 quem
472 2844 622 2880 sequimur.
639 2846 815 2882 Anglicanus,
823 2845 889 2874 ἀλλὰ

937 247 1008 270 trum
1024 249 1149 275 suorum,
1175 242 1254 277 quasi
1267 249 1362 269 eorum
1390 243 1487 278 ignari,
1513 250 1572 273 sese
1589 243 1719 271 simulam

936 286 1178 315 consubstantialis
1201 294 1293 314 vocem
1318 286 1516 321 reformidare;
1539 287 1631 316 dicant
1653 296 1717 316 sen-

935 334 1060 368 tiantqne
1077 332 1243 367 simplicius,
1263 340 1295 360 ac
1322 333 1466 365 sincerius,
1490 333 1600 366 Filium,
1622 338 1719 362 natura

936 388 997 408 esse
1014 371 1113 407 Filium
1128 388 1134 406 :
1157 379 1330 406 anathemate
1348 384 1437 406 autem
1454 379 1594 411 damnent,
1614 381 1653 408 uti
1676 389 1719 416 sy-

936 425 1024 452 nodus
1041 424 1178 459 pracapit,
1206 431 1253 451 eos
1271 424 1318 459 qui
1338 424 1432 450 dicunt
1453 431 1526 456 cum,
1555 429 1718 457 creaturam,

937 475 981 498 aut
995 478 1051 497 rem
1067 470 1165 498 factam
1182 480 1189 497 :
1208 474 1265 502 aut,
1282 477 1316 496 cx
1331 477 1384 496 non
1400 469 1582 501 exstantibus,
1600 469 1652 500 vel,
1672 469 1720 496 ali-

936 516 1046 552 quando
1060 524 1114 544 non
1130 521 1188 544 erat
1201 515 1287 542 Filius
1304 515 1350 542 Dei
1364 524 1370 542 :
1384 519 1411 542 et
1426 515 1574 548 mutabilis,
1584 522 1616 542 ac
1631 515 1720 543 varia-

936 563 999 590 bilis
1024 566 1075 594 est,
1093 566 1120 590 ct
1146 569 1180 589 ex
1197 562 1249 588 alia
1267 561 1435 589 substantia:
1452 565 1479 588 et
1505 561 1544 589 sic
1571 561 1605 588 ab
1620 561 1720 588 Ariana

937 609 1034 637 haeresi
1049 608 1186 642 refugiant
1200 617 1206 634 :
1224 611 1252 634 et
1264 608 1425 635 conﬁdimus
1438 615 1495 640 eos,
1512 607 1534 634 si
1553 607 1610 634 haec
1636 607 1722 634 since-

937 656 1004 683 riter
1020 655 1193 682 anathemate
1210 654 1350 687 damnent,
1365 654 1456 681 statim
1472 653 1657 685 confessurus,
1673 652 1720 680 Fi-

938 701 1003 729 lium
1017 709 1051 728 ex
1065 701 1218 729 substantia
1232 700 1320 728 Patris
1333 704 1360 727 et
1376 699 1449 727 Patri
1462 699 1721 727 consubstantialem

937 755 1009 775 esse.
1026 747 1088 775 Ideo
1105 747 1178 774 enim
1194 746 1289 774 Patres
1308 754 1367 774 cum
1393 745 1525 773 dixissent
1541 745 1639 772 Filium
1661 753 1722 773 esse

937 792 1012 820 Patri
1042 791 1303 819 consubstantialem
1320 810 1328 823 ,
1351 791 1443 818 statim
1467 791 1647 818 addiderunt:
1668 790 1722 818 Eos

939 842 1029 866 autem
1050 837 1097 872 qui
1115 837 1246 869 dixerint,
1271 839 1436 868 creaturam,
1452 839 1499 862 aut
1526 842 1581 862 rem
1610 833 1721 867 factam,

937 887 985 910 aut
1002 890 1034 909 ex
1048 889 1101 909 non
1115 882 1298 913 exstantibus,
1325 885 1382 912 aut,
1402 880 1547 915 aliquando
1572 879 1654 915 718
1669 886 1722 906 non

937 933 1005 960 erat,
1024 928 1195 956 anathemate
1209 927 1320 955 damnat
1335 926 1467 954 catholica
1486 925 1628 958 Ecclesia;
1646 929 1675 952 ut
1689 925 1724 952 iis

938 974 1029 1002 verbis
1049 977 1144 1002 nolunt
1159 973 1290 1006 facerent,
1306 980 1401 1000 vocem
1413 971 1653 999 consubstantialis
1666 971 1724 999 haec

939 1019 1102 1056 signiﬁcare.
1118 1019 1207 1054 Atque
1222 1018 1263 1046 vis
1278 1018 1360 1052 hujus
1374 1017 1460 1050 vocis,
1479 1016 1722 1049 ccnsubstantiale,

939 1074 972 1094 eo
996 1065 1156 1100 intelligitur
1179 1064 1251 1100 quod
1274 1063 1359 1092 Filius
1385 1071 1438 1090 non
1463 1062 1498 1091 sit
1512 1070 1556 1090 res
1573 1067 1662 1090 creata
1681 1062 1723 1090 vel

937 1112 1018 1146 facta,
1032 1117 1059 1140 et
1089 1112 1172 1148 quod,
1193 1112 1238 1147 qui
1264 1111 1331 1138 dicit
1350 1110 1593 1144 consubstantiale,
1620 1118 1725 1145 nequa-

938 1166 1020 1194 quam
1039 1159 1132 1186 credat
1146 1157 1264 1185 Verbum
1276 1164 1336 1185 esse
1353 1161 1505 1184 creaturam
1522 1166 1528 1184 :
1545 1161 1572 1184 et
1585 1157 1631 1192 qui
1644 1164 1724 1192 supe-

938 1204 996 1231 rius
1014 1204 1085 1231 dicta
1116 1204 1290 1231 anathemate
1309 1204 1437 1237 damnat,
1457 1211 1512 1231 una
1527 1203 1608 1232 sentit
1624 1203 1722 1231 Filium

937 1257 997 1277 esse
1014 1249 1087 1277 Patri
1100 1250 1360 1278 consubstantialem
1374 1260 1380 1278 :
1397 1258 1516 1286 cumque
1528 1250 1594 1278 dicit
1606 1251 1724 1278 consub-

938 1296 1104 1330 stantialem,
1122 1304 1281 1332 germanum
1296 1305 1328 1324 ac
1347 1304 1442 1324 verum
1458 1297 1525 1324 dicit
1547 1297 1594 1324 Dei
1611 1296 1722 1324 Filium.

937 1341 1020 1369 Pater
1034 1350 1115 1369 unum
1129 1351 1237 1376 sumus;
1254 1347 1282 1370 et
1305 1352 1313 1372 :
1337 1342 1389 1376 Qui
1412 1342 1478 1370 vidit
1490 1351 1540 1377 me,
1553 1342 1617 1370 uidit
1631 1348 1655 1371 et
1670 1342 1724 1370 Pa-

975 1434 1018 1461 ιο.
1043 1433 1176 1461 Caeterum
1204 1441 1254 1468 par
1277 1438 1335 1461 erat
1354 1433 1413 1461 haec
1434 1433 1557 1469 pluribus
1586 1435 1722 1463 scribere:

939 1487 1043 1512 verum,
1058 1478 1121 1514 quia
1148 1479 1227 1506 vobis
1247 1479 1301 1514 iam
1319 1480 1416 1507 horum
1447 1480 1540 1515 gnaris
1566 1481 1723 1513 scribimus,

939 1525 1000 1553 ideo
1016 1525 1110 1560 paucis
1134 1524 1305 1553 dictavimus.
1325 1525 1455 1560 Optantes
1481 1531 1511 1554 ut
1533 1527 1605 1562 apud
1629 1534 1724 1556 omnes

938 1571 1078 1600 vinculum
1093 1571 1168 1606 pacis
1191 1576 1325 1604 servetur,
1349 1577 1376 1599 et
1400 1579 1495 1599 omnes
1510 1572 1557 1607 qni
1583 1572 1724 1600 catholica:

939 1623 1004 1646 sunt
1014 1617 1152 1650 Ecclesiae,
1162 1617 1232 1644 idem
1242 1617 1344 1651 dicant,
1354 1617 1480 1653 idemque
1490 1618 1617 1646 sentiant.
1628 1617 1660 1646 Et
1668 1618 1725 1646 haec

939 1671 993 1693 non
1021 1663 1100 1698 quasi
1129 1663 1268 1696 docentes,
1290 1663 1337 1691 sed
1365 1664 1443 1697 quasi
1468 1664 1644 1692 admonentes
1657 1664 1724 1692 dici-

939 1716 1010 1736 mus.
1027 1708 1088 1736 Non
1103 1709 1176 1736 enim
1191 1717 1242 1737 nos
1259 1709 1309 1736 soli
1323 1710 1479 1739 scribimus.
1499 1710 1545 1738 sed
1567 1717 1663 1738 omnes
1676 1710 1726 1738 ΔΕ-

939 1755 1013 1790 gypti
1040 1759 1067 1782 et
1094 1753 1241 1790 Libyarum
1269 1755 1417 1790 nonaginta
1451 1756 1560 1783 circiter
1591 1756 1722 1792 episcopi.

939 1801 1067 1830 Omnium
1085 1802 1156 1829 enim
1171 1809 1224 1832 una
1249 1802 1307 1829 haec
1323 1807 1365 1830 est
1382 1803 1516 1830 sententia
1528 1822 1535 1834 ,
1551 1807 1577 1830 et
1595 1811 1657 1830 cum
1672 1803 1724 1830 ali-

941 1856 1023 1883 quem
1043 1848 1139 1876 abesse
1151 1848 1304 1883 contigerit,
1319 1848 1364 1876 alii
1380 1856 1430 1883 pro
1440 1849 1500 1876 aliis
1515 1849 1723 1878 subscribimus.

942 1893 989 1922 Sic
1007 1901 1057 1921 nos
1072 1893 1154 1928 igitur
1169 1893 1268 1926 atrecti,
1278 1901 1340 1921 cum
1358 1894 1518 1928 contigisset
1533 1902 1583 1922 nos
1597 1895 1624 1921 in
1639 1903 1723 1922 unum

942 1939 1098 1971 convenire,
1116 1939 1220 1967 litteras
1244 1947 1354 1974 quoque
1368 1940 1468 1967 dilecto
1493 1944 1588 1967 nostro
1609 1941 1724 1968 Damaso

941 1995 1045 2022 magnae
1064 1986 1157 2014 Romae
1171 1987 1300 2022 episeopo
1318 1987 1506 2021 misimus,-de
1526 1987 1661 2014 Auxentio
1676 1987 1724 2023 qui

940 2033 1171 2067 Mediolanensem
1188 2033 1288 2061 invasit
1304 2034 1448 2062 ecclesiam
1460 2055 1467 2067 ,
1492 2034 1571 2069 cujus
1595 2034 1632 2061 illi
1649 2039 1725 2068 gesta

940 2076 1140 2106 enarravimus.
1162 2083 1224 2103 eum
1242 2083 1338 2110 nempe
1365 2084 1418 2102 non
1439 2077 1520 2103 modo
1538 2083 1599 2104 esse
1616 2075 1724 2103 Arianae

940 2122 1075 2150 haereseos
1101 2126 1274 2155 sectatorem,
1298 2121 1345 2149 sed
1361 2122 1443 2149 etiam
1461 2121 1553 2149 multis
1576 2121 1724 2149 sceleribus

941 2167 1099 2200 obnoxium,
1116 2175 1176 2203 quae
1191 2175 1253 2195 cum
1271 2167 1402 2202 Gregorio
1419 2166 1565 2202 impietatis
1579 2174 1635 2194 sua:
1649 2166 1724 2194 socio

941 2213 1127 2250 perpetravit:
1146 2220 1252 2248 nosque
1266 2212 1358 2240 mirari
1384 2220 1433 2239 cur
1450 2212 1568 2239 nondum
1584 2211 1725 2246 depositus

942 2264 970 2287 et
996 2259 1030 2286 ab
1055 2259 1176 2287 Ecclesia
1200 2259 1303 2294 ejectns
1326 2259 1370 2286 sit.
1395 2258 1556 2293 Gratiasque
1582 2258 1725 2286 retulimus

940 2304 1001 2340 ejus
1015 2304 1119 2340 pietati,
1134 2312 1185 2332 nec
1197 2311 1250 2332 non
1268 2305 1302 2331 iis
1317 2304 1362 2339 qui
1382 2304 1407 2330 in
1417 2311 1543 2339 magnam
1558 2304 1651 2331 urbem
1670 2302 1727 2330 Ro-

941 2358 1013 2377 mam
1029 2354 1224 2383 convenerant,
1236 2351 1309 2386 quod
1320 2349 1434 2378 Ursacio
1447 2354 1472 2377 et
1485 2349 1597 2378 Valente
1611 2350 1726 2385 aliisque

940 2396 986 2431 qui
1001 2403 1062 2423 cum
1078 2395 1132 2424 illis
1147 2396 1281 2424 sentirent
1306 2396 1411 2431 ejectis,
1437 2396 1577 2423 catholicae
1598 2395 1727 2423 Ecclesia;

941 2442 1115 2470 concordiam
1131 2447 1295 2470 servassent.
1320 2442 1407 2475 Quam
1423 2450 1484 2469 cum
1501 2442 1571 2476 apud
1593 2449 1642 2469 vos
1658 2446 1727 2475 quo-

942 2495 996 2522 que
1012 2488 1115 2515 servari
1130 2492 1316 2523 peroptemuvs,
1343 2487 1485 2514 hortamur
1495 2493 1555 2518 vos,
1570 2493 1605 2513 ne
1621 2484 1724 2516 feratis.

942 2539 972 2562 ut
984 2543 1065 2571 supra
1080 2535 1211 2568 diximus,
1227 2542 1274 2563 eos
1291 2534 1339 2570 qui
1354 2533 1416 2562 ﬁdei
1434 2533 1588 2565 occasione,
1601 2531 1725 2560 multitu-

938 2603 976 2639 ᾡς
1003 2603 1264 2639 ὑπομιμνήσκοντες,
1275 2603 1350 2639 ὑμᾶς
1359 2603 1510 2639 γράφομεν.
1524 2602 1632 2638 Ἐσμέν.
1651 2600 1722 2639 Infra

940 2637 1112 2674 Regiusfxal.
1126 2637 1185 2670 ταῖς
1200 2637 1324 2670 Λιϐύαις.
1338 2645 1365 2666 et
1378 2637 1418 2666 'sic
1437 2637 1518 2673 supra
1539 2637 1636 2674 legitur
1651 2644 1679 2663 n.
1697 2638 1723 2668 l,

939 2672 1116 2710 rdiidtﬁ'ﬁag,
1132 2674 1158 2700 in
1174 2674 1280 2710 plurali.
1297 2674 1367 2701 Editi
1381 2679 1407 2710 et
1423 2672 1479 2706 alii,
1495 2675 1527 2710 τῇ
1546 2672 1643 2709 Λιϐύῃ.

978 2709 1034 2743 (85)
1055 2709 1231 2743 Anglicanus.
1247 2708 1340 2740 Οὕτως
1351 2708 1426 2744 γοῦν.

979 2742 1034 2779 (86)
1056 2742 1178 2805 Sicine?
1188 2744 1299 2780 optime.
1309 2744 1338 2771 In
1350 2742 1414 2786 aliis
1425 2751 1490 2771 vero
1503 2744 1564 2785 etin
1577 2743 1666 2775 editis,
1678 2742 1726 2787 αρ-

1010 2780 1097 2805 dcest.
1123 2779 1151 2805 in
1167 2787 1195 2805 ra
1220 2784 1397 2805 mannserlntl
1422 2784 1448 2805 et
1471 2780 1554 2805 editio
1580 2778 1726 2805 Commer..

942 2777 988 2807 TI
1010 2777 1097 2807 deest.
1118 2777 1397 2815 jnl‘ra'manuscripti
1422 2784 1448 2806 et
1471 2779 1554 2807 editio
1580 2777 1727 2811 CommeL,

944 2815 1008 2851 παρ’
1024 2815 1099 2851 ὑμῖν.
1118 2814 1190 2842 Edit.
1203 2823 1267 2843 vero
1280 2814 1381 2849 Paris.,
1399 2815 1465 2851 παρ’
1483 2815 1558 2851 ἡμῖν.
