1954 3041
92 142 164 169 1055

648 139 820 167 EPISTOLA
836 139 881 166 AD
902 138 1111 168 EPICTETUM.

1652 141 1720 168 ιοει

91 198 232 234 ϐέϐληται,
247 199 293 226 καὶ
303 199 405 235 ἠλλάγη
420 200 468 235 τῆς
482 200 549 232 ἰδίας
560 200 685 235 etiam;
700 201 748 232 Τίς
761 200 789 227 δὲ
806 199 871 234 ἧκον

935 206 1036 234 corpus
1048 204 1182 227 mutatum
1199 199 1293 232 fuisse,
1309 204 1336 227 et
1348 207 1361 226 a
1377 205 1472 226 natura
1490 199 1636 227 descivisse
1651 199 1724 228 sua?

90 253 136 271 σεν
151 246 180 272 ἐν
203 244 360 281 Ἐκκλησία,
371 245 464 281 qam;
475 246 551 282 παρὰ
562 246 744 281 Χριστιανῶν,
753 247 794 273 ὅτι
808 246 882 273 θέσει

89 292 137 318 καὶ
159 291 190 317 οὐ
212 291 291 326 φύσει
318 292 399 328 σῶμα
411 292 566 328 πεφόρηκεν
580 293 593 319 6
607 293 773 328 Κύριος;(2)
787 293 822 319 Ἦ
841 292 882 325 τίς

88 337 217 364 τοσοῦτον
233 337 378 373 ἠσέϐησεν,
399 338 469 365 ὥστε
491 339 578 365 εἰπεῖν
603 339 661 374 ἅμα
687 340 734 366 καὶ
761 340 881 375 φρονεῖν,

87 383 270 421 61ti)_0:6rqg
284 384 355 420 αὑτὴ
365 385 382 420 ἡ
401 384 541 420 ὁμοούσιος
555 384 594 420 τῷ
609 386 695 420 Ilath
709 385 881 421 περιετμήθη

88 430 136 457 καὶ
152 419 251 466 ἀτελὴς
266 431 298 458 ἐκ
311 419 422 458 τελείου
430 431 556 465 γέγονεντ
578 419 624 458 αα).
646 419 688 457 ὅτι
707 419 787 458 ’τὸ-ἐν
808 419 881 465 Viuite

88 475 292 512 ηθηλοὺμενον
307 497 315 509 ,
343 478 394 504 οὐκ
409 475 443 513 ἦν
456 477 486 504 τὸ
502 477 580 513 σῶμα
596 497 603 510 ,
631 478 688 504 ἀλλ’
707 478 776 512 αὐτὴ
793 478 809 513 ή
831 477 880 513 δη-

90 523 219 558 μιουργὸς
235 524 313 550 οὐσία
329 524 378 560 τῆς
392 524 488 559 σοφίας
496 525 551 560 (5);
564 525 612 556 Τίς
619 524 647 550 δὲ
657 524 821 556 ἀκούων,ὅτι
830 524 881 550 οὐκ

89 570 122 595 ὲκ
140 569 260 605 Μαρίας,
277 569 334 597 ἀλλ’
350 571 382 597 ὲκ
397 571 446 606 τῆς
462 570 557 597 ἑαυτοῦ
576 570 679 602 οὐσίας,
700 570 879 605 μετεποίησεν

89 615 180 650 ἑαυτῷ
196 615 276 651 σῶμα
297 615 418 651 παθητὸν
433 617 447 642 6
467 616 564 650 Λόγος,
579 616 650 642 εἴποι
666 615 698 642 ἂν
715 615 879 650 Χριστιανὸν

88 661 135 687 τὸν
146 660 259 694 λέγοντα
274 660 360 687 ταῦτα
374 660 429 698 (ιι);
448 659 494 692 Τίς
514 660 542 686 δὲ
562 660 611 696 τὴν
632 659 760 695 ἀθέμιτον
776 657 878 694 ταύτην

87 707 237 742 ἐπενόησεν
250 706 389 739 ἀσέϐειαν,
400 706 471 735 ὥστε
487 706 538 733 κᾶν
552 707 594 738 εἰς
611 705 759 740 ἐνθύμησιν
779 705 876 738 ὲλθείν,

89 753 137 779 καὶ
150 753 247 785 εἰπεῖν,
262 753 303 780 ὅτι
315 754 329 779 6
349 753 434 787 λέγων
458 753 490 780 ἐκ
512 752 621 787 Μαρίας
636 749 705 778 εἶναι
721 751 751 778 τὸ
774 752 878 786 Κυρια-

87 798 136 826 κὺν
155 796 233 834 σῶμα
249 799 340 826 οὐκέτι
362 799 477 835 τριάδα,
499 798 567 826 ἀλλὰ
588 798 706 834 τετράδα
724 799 753 824 ὲν
773 799 806 833 τῇ
823 797 879 824 θεό-

86 853 149 880 τητι
163 846 271 881 φρονεῖ;
289 845 326 877 ὡς
339 845 383 872 διὰ
404 846 481 872 τοῦτο
499 846 562 878 τούς
586 845 657 872 οὕτω
687 845 876 880 διακειμένους

86 890 138 926 τῆς
148 891 243 922 οὐσίας
256 891 307 926 τῆς
322 891 435 927 Τριάδος
457 891 547 926 λέγειν
570 890 639 919 εἶναι
657 892 707 928 τὴν
728 893 827 928 σάρκα,
844 894 876 928 ἢν

86 935 231 963 ἐνεδύσατο
245 938 277 964 ἐκ
292 937 400 973 Μαρίας
411 939 424 964 6
441 938 546 974 Σωτήρ.
562 938 646 965 Πόθεν
665 939 693 965 δὲ
708 938 788 966 πάλιν
798 939 878 975 ἠρεύ-

85 981 168 1014 ξαντό
181 990 252 1014 τινες
269 982 330 1018 ῖσην
346 983 473 1010 ἀσέϐειαν
488 986 545 1016 τοῖς
565 985 784 1020 προειρημένοις,
806 985 876 1013 ὥστε

85 1029 175 1054 ειπείν
194 1028 231 1063 μὴ
252 1028 383 1064 νεώτερον
404 1027 474 1056 εἶναι
495 1030 526 1056 τὸ
550 1030 629 1065 σῶμα
648 1030 699 1066 τῆς
723 1031 771 1058 τοῦ
789 1032 875 1066 Λόγου

86 1074 223 1109 θεότητος,
234 1075 301 1102 ἀλλὰ
314 1075 448 1102 συναῖδιον
459 1076 533 1111 αὐτῷ
543 1076 688 1108 διαπαντὸς
700 1078 875 1113 γεγενῆσθαι,

84 1120 178 1156 ἐπειδὴ
195 1122 226 1147 ὲκ
248 1121 297 1156 τῆς
314 1121 408 1153 οὐσίας
425 1122 474 1158 τῆς
495 1123 592 1156 σοφίας
608 1123 724 1158 συνέστη
744 1124 798 1159 (5);
814 1125 877 1157 Πῶς

83 1165 113 1192 δὲ
127 1166 175 1192 καὶ
187 1167 368 1202 ἁμφιῦάλλειν
380 1167 534 1203 ἐτόλμησαν
548 1169 572 1195 οἱ
588 1168 727 1204 λεγόμενοι
746 1170 877 1206 Χριστια-

83 1212 135 1244 νοὶ,
148 1213 172 1238 ει
188 1213 202 1238 ὁ
217 1213 249 1239 ὲκ
272 1213 381 1248 Μαρίας
404 1214 543 1249 προελθὼν
561 1215 663 1250 Κύριος
683 1215 748 1247 Υἱὸς
768 1216 817 1251 μὲν
841 1218 874 1252 τῇ

82 1258 163 1294 οὐσία
181 1259 230 1286 καὶ
248 1259 328 1294 φύσει
339 1259 385 1286 τοῦ
397 1260 465 1287 Θεοῦ
483 1262 551 1293 ἐστι,
564 1261 595 1288 τὸ
608 1261 636 1288 δὲ
651 1261 722 1288 κατὰ
739 1263 830 1298 σάρκα
843 1264 875 1290 ὲκ

84 1305 242 1340 σπέρματός
255 1307 313 1333 ἐστι
328 1306 420 1338 Δαϐὶδ,
440 1308 541 1342 σαρκὸς
554 1308 582 1334 δὲ
595 1309 643 1344 τῆς
655 1308 736 1342 ἁγίας
749 1310 873 1345 Μαρίας;

83 1350 163 1383 Τίνες
178 1350 207 1378 δὲ
240 1352 294 1386 ἄρα
312 1352 383 1379 οὕτω
406 1353 538 1390 τολμηροὶ
559 1355 721 1390 γεγόνασιν,
744 1357 814 1383 ὥστε
835 1358 875 1384 εἰ-

83 1399 145 1424 πεῖν
160 1398 206 1424 τὸν
217 1398 333 1433 Χριστὸν
343 1398 389 1426 τὸν
407 1400 489 1435 σαρκὶ
505 1400 624 1428 παθόντα
640 1403 687 1429 καὶ
701 1403 876 1439 ἐσταυρωμέ-

82 1452 129 1470 νον
146 1444 183 1480 μὴ
207 1441 277 1471 εἶναι
294 1445 397 1480 Κύριον
409 1466 415 1478 ,
439 1447 487 1473 καὶ
507 1446 640 1483 Σωτῆρα,
659 1449 705 1475 καὶ
727 1449 792 1476 Θεὸν
803 1470 810 1482 ,
828 1450 875 1476 καὶ

82 1489 148 1516 Υἰδν
163 1489 210 1516 τοῦ
226 1490 352 1526 Πατρός;
371 1491 404 1517 Ἢ
416 1491 475 1523 πῶς
485 1493 643 1527 Χριστιανοὶ
657 1494 762 1521 θέλουσι
775 1495 874 1530 ὀνομά-

939 246 1006 279 Quis
1019 250 1111 273 autem
1127 245 1154 273 in
1177 245 1309 278 Ecclesia,
1329 250 1376 272 aut
1391 253 1406 272 a
1420 245 1583 272 Christianis
1600 253 1722 280 unquam

936 292 1040 320 audivit
1053 292 1199 319 Dominum
1218 292 1327 320 lictione
1347 300 1401 318 non
1416 296 1513 319 natura
1530 297 1649 328 gest-asse
1664 300 1723 320 cor-

938 339 1010 374 pus?
1027 338 1082 365 Aut
1100 338 1163 373 quis
1188 346 1221 365 eo
1243 338 1379 373 processit
1398 338 1554 372 impietatis,
1572 342 1602 366 ut
1619 339 1721 367 dicere:

933 386 1112 419 sentiretque,
1141 385 1229 419 ipsam
1256 384 1385 412 deitatem
1411 383 1484 411 Patri
1502 385 1722 412 consubstantia-

931 431 995 463 lem,
1015 431 1218 463 circumcisam,
1235 434 1262 457 et
1279 430 1466 466 imperfectam
1494 438 1527 458 ex
1547 429 1666 465 perlecta
1684 430 1722 458 la-

933 481 1005 505 etam
1020 477 1107 505 luisse
1121 487 1127 504 :
1141 483 1168 505 et
1183 477 1255 512 quod
1274 477 1348 504 cruci
1364 477 1473 504 allixum
1487 481 1554 510 erat,
1571 485 1624 504 nou
1636 477 1721 505 fuisse

931 532 1043 558 corpus,
1069 524 1116 551 sed
1141 524 1228 559 ipsam
1248 523 1394 558 Sapientia:
1416 523 1598 550 substantiam
1628 532 1718 551 rerum

932 569 1078 604 opiﬁcem?
1093 568 1161 602 Quis
1180 569 1238 596 haec
1253 569 1378 601 audiens,
1391 568 1450 595 Non
1468 577 1499 596 ex
1519 568 1613 601 Maria,
1629 569 1675 596 sed
1687 577 1721 596 cx

931 623 981 643 sua
995 615 1081 650 ipsius
1093 615 1249 643 substantia
1262 614 1382 642 Verbum
1402 615 1454 642 sibi
1475 615 1604 650 passibile
1619 623 1721 650 corpus

930 662 1104 694 ellormavit,
1123 662 1182 689 lucc
1207 661 1365 696 loquentem
1391 661 1578 689 Christianum
1602 662 1722 690 dixerit?

932 708 1000 741 Quis
1015 707 1150 735 nefariam
1178 707 1253 735 illam
1283 712 1455 735 commentus
1469 713 1511 735 est
1528 708 1693 743 impietatem
1712 729 1720 740 ,

930 758 977 781 aut
990 754 1033 782 cui
1050 754 1101 781 hoc
1113 754 1139 780 in
1159 758 1276 781 mentem
1300 754 1404 781 venerit
1420 754 1575 789 dixeritque
1591 764 1596 781 :
1614 754 1665 787 Qui
1682 755 1722 782 ait

929 808 962 827 ex
977 800 1061 827 Maria
1086 807 1147 827 esse
1164 799 1337 827 Dominicum
1354 807 1465 835 corpus,
1483 800 1506 827 is
1523 808 1578 828 non
1604 800 1721 835 amplius

930 846 1102 879 Trinitatem,
1126 846 1173 874 sed
1195 846 1408 882 quaternitatem
1434 847 1462 873 in
1486 846 1586 873 deitate
1614 847 1722 874 sentit?

930 891 1015 925 Quasi
1037 899 1102 919 vero
1120 891 1166 927 qui
1184 892 1222 920 ita
1247 896 1359 920 censent
1377 892 1486 924 dicant,
1510 899 1619 919 carnem
1637 899 1719 926 quam

928 946 960 966 ex
978 937 1063 965 Maria
1076 937 1201 965 Salvator
1217 938 1314 971 induit,
1335 946 1369 965 ex
1397 937 1550 965 substantia
1576 945 1637 965 esse
1656 937 1719 964 'l'ri-

929 985 1031 1013 nitatis.
1052 985 1112 1013 Jam
1135 992 1201 1013 vero
1223 985 1360 1012 undenam
1378 986 1511 1021 aequalem
1532 993 1614 1020 supra
1638 985 1719 1012 dictis

929 1030 1098 1065 impietatem
1113 1031 1237 1058 nonnulli
1258 1038 1415 1061 evomnere.
1434 1039 1487 1057 non
1503 1031 1627 1062 minoris,
1644 1031 1720 1058 aint)-

928 1080 979 1108 tes,
996 1075 1084 1103 :etatis
1097 1083 1159 1103 esse
1174 1083 1286 1111 corpus,
1307 1084 1390 1110 qualn
1409 1075 1491 1103 Verbi
1513 1075 1653 1110 divinitas,
1670 1076 1718 1103 sed

928 1120 1042 1147 omnino
1058 1125 1226 1148 coaeternum
1247 1121 1284 1147 illi
1312 1121 1410 1153 fuisse,
1435 1121 1500 1155 quia
1524 1129 1556 1148 ex
1578 1121 1718 1155 sapientia:

927 1167 1082 1194 substantia
1108 1167 1236 1194 constat?
1253 1165 1313 1200 Quo
1330 1172 1409 1201 pacto
1440 1167 1493 1193 viri
1518 1167 1564 1202 qui
1590 1167 1718 1195 dicuntur

927 1209 1077 1240 Christiani
1098 1213 1139 1240 vel
1160 1214 1300 1248 ambigere
1318 1213 1378 1240 ausi
1400 1219 1476 1245 sunt,
1493 1213 1565 1241 sitne
1585 1213 1718 1243 Dominus

926 1259 974 1294 qui
990 1267 1022 1287 cx
1042 1259 1126 1287 Maria
1151 1264 1233 1287 tratus
1253 1263 1305 1291 est,
1333 1259 1487 1286 substantia
1501 1264 1527 1287 et
1546 1265 1643 1287 natura
1667 1268 1718 1288 sua

927 1305 1012 1333 Filius
1028 1305 1091 1339 Dei;
1107 1305 1256 1333 secundum
1271 1313 1381 1333 carnem
1401 1313 1466 1333 vero
1491 1313 1524 1333 ex
1546 1306 1650 1333 semine
1665 1306 1718 1334 Da-

925 1350 971 1379 vid
985 1356 1012 1378 et
1027 1359 1058 1378 ex
1074 1359 1157 1378 carne
1172 1356 1273 1379 sancta:
1293 1351 1386 1379 Mariae
1396 1352 1494 1379 ortus?
1507 1351 1625 1385 Quinam
1652 1361 1717 1380 vero

926 1405 957 1424 ea
973 1398 1124 1425 temeritate
1150 1397 1271 1430 luerunt,
1293 1403 1323 1425 ut
1345 1398 1478 1431 dicerent,
1504 1399 1644 1426 Christum
1669 1399 1716 1434 qui

926 1451 1007 1471 carne
1024 1452 1120 1478 passus
1135 1449 1162 1471 et
1175 1444 1323 1471 cruciﬁxus
1337 1449 1387 1474 est.
1404 1452 1457 1472 non
1481 1452 1542 1472 esse
1567 1445 1715 1473 Dominum

925 1488 1150 1521 etSalratorem,
1168 1496 1201 1516 ac
1226 1488 1311 1516 Deum
1342 1489 1498 1524 Filiumque
1525 1489 1640 1517 Patris?
1662 1491 1717 1518 Aut.

83 1535 178 1568 ,πέδαι
195 1536 219 1562 οἱ
245 1536 370 1570 λέγοντες
393 1538 433 1569 εἰς
456 1537 598 1574 ἄνθρωπον
621 1540 659 1575 (6)
682 1541 759 1575 ἆγιον
775 1541 812 1573 ὼς
828 1542 873 1568 ἐπὶ

927 1535 1064 1569 quomodo
1083 1534 1232 1562 Christiani
1250 1535 1345 1562 volunt
1361 1535 1525 1570 nuncupari,
1549 1536 1596 1570 qui
1620 1536 1716 1563 dicunt

81 1581 132 1608 ἕνα
151 1581 205 1608 τῶν
226 1583 374 1618 προφητῶν
392 1583 552 1619 ἐληλυθέναι
577 1585 623 1613 τὸν
647 1586 743 1621 Λόγον,
762 1587 810 1614 καὶ
834 1587 872 1623 μὴ

81 1627 164 1654 αὐτὸν
181 1627 323 1663 ἄνθρωπον
339 1629 490 1663 γεγονέναι,
507 1629 623 1658 λαϐόντα
651 1633 683 1658 ὲκ
709 1633 818 1668 Μαρίας
842 1633 873 1660 τὸ

81 1673 173 1709 σῶμα,
194 1673 252 1700 ἀλλ’
270 1674 363 1709 ἕτερον
380 1673 449 1702 εἶναι
475 1676 521 1703 τὸν
546 1677 679 1713 Χριστὸν,
705 1679 752 1705 καὶ
780 1679 873 1714 ἕτερον

79 1720 128 1746 τὸν
145 1719 192 1746 τοῦ
209 1720 276 1747 Θεοῦ
293 1714 378 1756 Λόγον
403 1721 441 1756 (7)
455 1742 462 1754 ,
482 1723 528 1749 τὸν
545 1723 598 1758 πρὸ
622 1724 732 1759 Μαρίας
749 1726 796 1752 καὶ
819 1725 872 1761 πρὸ

80 1765 188 1792 αἰώνων
200 1766 262 1793 Υἰὸν
276 1766 340 1794 ὄντα
354 1767 400 1794 τοῦ
414 1769 529 1804 Πατρόςς
545 1769 580 1796 Ἦ
593 1769 651 1802 πῶς
662 1769 732 1797 εἶναι
743 1772 872 1807 Χριστια-

80 1811 122 1837 νοὶ
136 1810 263 1838 δύνανται
278 1813 303 1839 οἱ
317 1812 443 1847 λέγοντες
456 1814 535 1841 ἄλλον
547 1812 617 1842 εἶναι
633 1815 678 1842 τὸν
694 1816 757 1844 Υἱὸν
772 1817 808 1853 (8)
825 1819 871 1845 καὶ

79 1856 162 1884 ἄλλον
180 1857 225 1884 τὸν
239 1857 285 1885 τοῦ
299 1858 366 1885 Θεοῦ
383 1859 489 1894 Λόγον;

116 1905 142 1932 3.
161 1905 253 1932 Ταῦτα
265 1903 299 1941 ἦν
314 1907 342 1932 ὲν
358 1908 414 1938 τοῖς
434 1907 637 1944 Ὑπομνήμασι,
661 1909 797 1946 διαφόρως
822 1912 871 1946 μὲν

80 1950 224 1986 εἰρημένα,
242 1951 306 1986 μίαν
317 1951 345 1978 δὲ
357 1952 406 1987 τὴν
421 1953 541 1980 διάνοιαν
555 1955 601 1981 καὶ
613 1955 663 1991 τὴν
674 1956 760 1992 αὐτὴν
775 1957 870 1992 ἔχοντα

79 1996 151 2032 πρὸς
166 1996 295 2023 ἀσέϐειαν
322 1997 472 2033 βλέπουσαν
495 2000 609 2036 δύναμιν
634 2001 682 2036 (9).
710 2003 760 2030 Διὰ
783 2003 870 2031 ταῦτα

78 2043 246 2078 διεκρίνοντο
272 2045 321 2071 καὶ
342 2044 502 2080 διεμάχοντο
529 2048 598 2082 πρὸς
626 2048 757 2084 ἀλλήλους
776 2051 800 2076 οξ
822 2051 870 2077 αὐ-

60 2086 63 2089 ’
78 2089 189 2124 χοῦντες
200 2090 246 2116 ἐπὶ
260 2092 292 2126 τῇ
305 2091 433 2127 ὁμολογίᾳ
449 2092 502 2119 τῶν
526 2093 654 2130 Πατέρων
675 2097 707 2131 τῇ
725 2097 754 2123 ὲν
770 2097 871 2133 Νικαίᾳ

79 2135 223 2170 γενομένῃ.
248 2135 319 2170 Ἐγὼ
341 2136 383 2168 δὲ,
406 2136 454 2172 τὴν
477 2138 526 2172 σὴν
549 2138 694 2174 ἐθαύμασα
715 2140 869 2170 θεοσέϐειαν

78 2181 279 2217 ἁνασχομένην,
293 2182 340 2208 καὶ
356 2182 396 2209 ὅτι
416 2182 452 2219 μὴ
464 2183 576 2216 τούτους
596 2184 699 2212 ἔπαυσε
715 2187 764 2222 μὲν
782 2188 869 2216 ταῦτα

925 1582 952 1609 in
970 1586 1095 1609 sanctum
1115 1581 1267 1613 hominem,
1284 1581 1397 1615 perinde
1420 1586 1501 1615 atque
1526 1581 1553 1608 in
1580 1590 1664 1608 unum
1681 1590 1715 1609 ex

924 1628 1076 1663 prophetis,
1093 1627 1204 1655 venisse
1223 1627 1352 1661 Verbum,
1380 1635 1431 1654 nec
1458 1628 1548 1662 ipsum
1575 1628 1713 1655 hominem

923 1673 1026 1701 factum
1059 1673 1165 1706 fuisse,
1182 1680 1215 1700 ex
1237 1672 1322 1700 Maria
1352 1680 1452 1708 corpus
1475 1673 1650 1706 assumenda,
1666 1673 1713 1700 sed

924 1720 1008 1747 alium
1030 1727 1091 1747 esse
1116 1719 1270 1751 Christum,
1287 1724 1313 1746 et
1329 1720 1412 1747 alium
1439 1719 1486 1747 Dci
1505 1719 1623 1747 Verbum
1640 1719 1713 1754 quod

923 1771 986 1793 ante
1005 1765 1118 1792 Mariam
1147 1769 1175 1792 et
1198 1769 1261 1792 ante
1277 1765 1376 1792 saecula
1404 1765 1572 1793 Filius'erat
1598 1765 1709 1793 Patris?

922 1812 977 1839 Aut
992 1820 1045 1847 qua
1062 1832 1070 1845 ,
1091 1819 1185 1847 qumso
1200 1832 1208 1844 ,
1227 1812 1333 1839 ratione
1356 1811 1506 1839 Christiani
1524 1811 1625 1839 iuerint
1637 1833 1644 1844 ,
1665 1812 1712 1846 qui

921 1848 1018 1886 dicunt
1032 1858 1116 1885 alium
1135 1865 1196 1885 esse
1212 1857 1310 1885 Filium
1325 1862 1352 1885 et
1367 1858 1450 1885 alium
1471 1857 1518 1885 Dei
1537 1857 1677 1885 Verbum?

927 1925 938 1947 ς
959 1913 986 1941 5.
1000 1912 1064 1941 Haec
1080 1913 1107 1940 in
1125 1912 1338 1940 Commentariis
1355 1918 1433 1940 erant
1445 1932 1452 1945 ,
1470 1913 1586 1940 diversis
1601 1913 1711 1947 quidem

922 1960 1023 1993 verbis,
1043 1959 1090 1987 sed
1111 1959 1213 1994 quibus
1231 1967 1284 1986 una
1300 1959 1450 1994 eademque
1470 1961 1603 1987 sententia
1616 1960 1713 1995 visque

924 2006 1092 2040 impietatem
1108 2010 1235 2040 spectans
1249 2005 1348 2033 inerat.
1363 2005 1477 2041 Propter
1489 2005 1533 2032 illa
1550 2011 1644 2033 mutuo
1654 2006 1711 2034 dis-

923 2053 1069 2087 ceptabant
1093 2052 1342 2087 concertabantque
1357 2072 1364 2084 ,
1395 2053 1441 2088 qui
1466 2053 1499 2080 de
1537 2053 1711 2082 confessione

922 2099 1036 2127 Patrum
1049 2098 1159 2126 Nicaena
1175 2098 1337 2134 gloriantur.
1352 2099 1409 2134 Ego
1429 2106 1492 2126 vero
1504 2104 1576 2126 tuam
1595 2099 1710 2128 miratus

921 2154 983 2174 sum
1011 2145 1140 2180 pietatem
1156 2165 1164 2178 ,
1189 2153 1250 2180 quae
1272 2152 1316 2172 res
1338 2144 1408 2171 ferat
1432 2145 1575 2179 ejusmodi,
1592 2149 1618 2172 et
1637 2146 1709 2181 quod

921 2199 975 2218 non
993 2191 1047 2218 illis
1071 2190 1181 2225 quidem
1204 2190 1268 2217 talia
1293 2190 1482 2218 dictitantibus
1499 2190 1638 2218 silentium
1664 2191 1708 2217 irt-

78 2226 218 2260 λέγοντας,
232 2227 282 2264 τὴν
299 2227 327 2254 δὲ
349 2228 447 2264 εὐσεϐῆ
465 2229 556 2257 πίστιν
581 2232 736 2267 παρέθηκεν
753 2234 843 2266 αὐτοῖς
858 2243 866 2250 ·

927 2236 1032 2269 lixerit,
1055 2244 1105 2263 nec
1128 2236 1201 2271 piam
1219 2236 1299 2264 [idem
1317 2237 1371 2263 illis
1394 2237 1591 2271 proposuerit.
1617 2241 1646 2264 ut
1665 2237 1708 2264 vel

78 2297 206 2334 νοεῖ-,λεν
227 2295 383 2334 Ἐκκλησία
398 2296 473 2334 deest
495 2297 521 2324 in
531 2296 641 2334 _Epiph.
666 2298 732 2326 Ibid.
751 2299 866 2334 Theod.,

78 2331 154 2367 παρὰ
162 2331 351 2372 Ξίριξιςιτιιιινιέςζ
364 2332 646 2372 Cobler._et_lfelek._l
659 2334 783 2372 ,λῆῥπλαρὰ
802 2331 868 2372 Χριὲ

78 2365 289 2406 Ξτιξιινῶνζ-Ιυῖιξ.
303 2366 412 2395 Gobler.
430 2372 457 2395 et
476 2367 596 2396 Felcktn.
620 2369 646 2402 1,
659 2365 676 2396 ’ὁ
688 2365 755 2402 Θεὸς
771 2365 865 2406 Λόγος.

77 2400 187 2436 Epiph.,
204 2403 217 2428 6
232 2402 303 2434 Υἱός.

115 2437 153 2478 (2)
171 2437 233 2478 [hac
245 2437 316 2478 apud
329 2437 432 2478 Themi.
448 2438 512 2478 dial.
526 2438 594 2478 5,1).
610 2439 670 2478 ltili.
688 2440 759 2478 Mox,
773 2441 868 2478 θεότης

77 2472 158 2507 αὐτή.
177 2472 323 2510 Epiphan.2
341 2473 433 2500 αὐτοῦ.
451 2473 480 2499 ln
502 2472 582 2510 editis
605 2479 636 2510 et
655 2476 681 2501 in
703 2472 866 2510 quibusdam

78 2508 345 2545 [ηεεηᾼπεριίτμήθη
354 2510 496 2545 Εραπεῖσα
513 2509 561 2545 ita!
582 2509 689 2545 ἀτελής.
707 2508 757 2538 Sed
772 2520 866 2540 vocem

78 2542 223 2582 τραπεῖσα,
240 2542 456 2576 ΕρίρῑιζΤΙιθοιι.
479 2548 505 2570 et
520 2543 631 2577 Seguer.
649 2542 744 2577 secuti.
761 2555 866 2581 expun-

77 2585 179 2605 xnnus.
196 2577 267 2604 Infra
279 2577 380 2606 Theod.
394 2579 472 2606 Gubl.
483 2585 510 2605 et
521 2579 609 2606 Felck.
624 2580 650 2608 1.
663 2581 864 2608 καθηλωμένον.

114 2590 179 2605 tuus.
196 2590 267 2604 IIIIl'a
283 2590 380 2606 uleuu.
394 2590 472 2606 υυυι.
483 2590 510 2605 Cl.
521 2590 609 2606 rctcx.
624 2590 650 2613 1,
663 2590 864 2617 καυηλωμενον.

114 2612 153 2647 (5)
174 2612 341 2652 [Epiphanius
358 2615 432 2641 solus
443 2635 451 2646 ,
474 2613 640 2652 6npicupx6;
655 2616 732 2652 οὐσία
748 2617 797 2651 τῆς
816 2618 866 2652 φύ-

78 2655 157 2685 σεως.
171 2647 236 2685 Quae
251 2654 401 2685 sequuntur
412 2647 516 2681 autem,
525 2647 614 2681 Τίςδὲ
625 2651 741 2685 ἀκούων,
753 2660 767 2679 a
776 2647 868 2681 'Theu-

78 2682 308 2720 doret0_citantur
321 2684 419 2720 dialog.
440 2685 505 2713 ibid.

167 2718 270 2756 'l_‘heod.
285 2718 458 2756 et'Seguer,
469 2720 581 2748 εἰπόντα
595 2721 611 2756 ἢ
624 2721 746 2755 λέγοντα.

126 2753 153 2793 _5)
168 2753 265 2793 _Lo_cus_
286 2753 638 2793 frequentissimecitatus,
656 2753 752 2792 nempe
770 2758 796 2784 in
821 2766 867 2793 sy-

78 2789 152 2826 {odo
168 2788 313 2826 hphesina,
328 2788 381 2826 act.
400 2791 425 2824 Ἰ,
442 2795 468 2818 et
481 2791 555 2818 alibi.
572 2791 637 2818 Item
653 2788 864 2826 apud-Cyrillum

81 2823 183 2861 ﬁciens.
200 2825 337 2851 anathem.
352 2825 380 2858 2,
393 2826 489 2861 synpd.
503 2823 737 2855 Chalcedonfact.
755 2823 781 2861 ἱ,
798 2828 866 2856 Leo-

81 2858 122 2886 nis
146 2866 223 2895 papa:
246 2860 361 2895 epistola
379 2858 416 2888 ad
435 2859 552 2890 Leonem
576 2858 780 2898 imperatorem,
800 2864 864 2892 item

919 2305 989 2340 apud
1012 2304 1189 2332 Mercatorem
1209 2303 1286 2340 erud.
1299 2303 1415 2340 _Baluzii
1438 2311 1465 2338 p.
1490 2303 1541 2330 177
1553 2310 1580 2330 et
1599 2303 1662 2336 2‘26,
1680 2309 1707 2331 et

918 2338 989 2375 apud
1005 2339 1154 2367 Gelasium.
1172 2339 1284 2371 Ibidem,
1299 2338 1439 2374 λεγόμενοι
1457 2339 1486 2375 in
1509 2339 1587 2375 editis
1601 2339 1705 2373 deerat,

918 2374 945 2403 in
968 2375 1096 2403 omnibus
1117 2383 1185 2409 perte
1202 2375 1396 2406 manuscriptis
1412 2374 1518 2408 legitur.
1534 2374 1634 2401 Ibidem
1651 2374 1706 2402 An-

916 2411 1051 2445 glicanus,
1076 2410 1127 2441 ἔτι,
1143 2411 1167 2436 εί
1190 2411 1203 2436 ὀ
1223 2410 1254 2435 ἐκ
1271 2409 1390 2445 Μαρίας,
1405 2409 1602 2445 Μοχῗὸρειιθν.
1620 2410 1705 2442 solus,

917 2444 983 2478 Θεὸς
1001 2446 1049 2480 μὲν
1066 2447 1098 2480 τῇ
1116 2445 1194 2480 οὐσίᾳ
1214 2444 1261 2471 καὶ
1275 2444 1354 2478 φύσει
1368 2444 1432 2480 Υἱὸς
1445 2444 1492 2471 τοῦ
1515 2444 1592 2480 Θεοῦ.
1611 2445 1706 2480 Αιίίνθι

916 2479 1069 2514 ειΙίῑίίΥἱὺς
1086 2479 1139 2516 μὲν
1160 2479 1192 2516 τῇ
1214 2480 1293 2516 οὐσίᾳ
1316 2480 1364 2516 κα)
1381 2479 1460 2516 φύσει
1486 2479 1533 2506 τοῦ
1556 2479 1634 2507 Θεοῦ.
1653 2479 1704 2508 Ubi

916 2515 1096 2552 Epiphanius.
1112 2516 1160 2543 καὶ
1172 2517 1205 2551 τῇ
1223 2515 1301 2552 φύσει
1315 2515 1361 2542 τοῦ
1373 2515 1450 2542 Θεοῦ.

953 2553 991 2587 (ti)
1010 2551 1179 2587 Ἄνθρωπον,
1193 2550 1222 2578 in
1235 2551 1315 2578 editis
1332 2552 1440 2584 deerat;
1456 2558 1489 2578 ex
1502 2550 1638 2585 praedictis
1653 2559 1703 2578 au-

917 2588 1038 2615 ctoribus
1053 2586 1124 2614 et'ex
1140 2586 1252 2620 Seguer.
1269 2586 1448 2613 restitnimus.

953 2623 991 2655 (7)
1005 2622 1069 2649 Mss.
1094 2622 1138 2649 alii
1156 2622 1252 2656 Λόγον,
1277 2621 1322 2648 alii
1347 2621 1412 2647 Υἱόν
1434 2621 1544 2648 habent.
1568 2621 1628 2657 Mox
1651 2623 1704 2657 πρὸ

917 2658 1032 2685 αἰώνων.
1050 2657 1095 2684 Sic
1106 2665 1171 2684 mss.
1188 2657 1243 2684 fere
1256 2664 1361 2687 omnes,
1375 2656 1402 2683 in
1416 2656 1505 2688 editis,
1519 2657 1572 2683 ἀπὸ
1585 2656 1701 2685 αἰώνων.

953 2693 991 2728 (8)
1003 2692 1066 2719 Υἰόν
1088 2693 1255 2720 restituimus
1275 2699 1308 2718 ex
1330 2699 1398 2718 mss.
1411 2691 1532 2728 rSeguer.
1549 2692 1659 2720 Gobler.
1677 2698 1703 2720 et

916 2728 1006 2756 Felck.
1024 2729 1056 2759 l,
1071 2733 1098 2755 et
1108 2736 1141 2754 ex
1163 2727 1298 2762 praedictis
1312 2727 1481 2759 auctor-ibus,
1509 2735 1563 2754 uno
1588 2733 1703 2762 excepto

916 2763 1165 2800 Epiph.»qui_habet
1178 2762 1254 2800 Θεένἶ
1267 2762 1347 2800 ljltliti,
1362 2762 1489 2800 Χριστόν.

953 2799 991 2833 (9)
1011 2798 1056 2825 Sic
1072 2798 1184 2832 Seguer.
1210 2797 1345 2834 Fclt-thl,
1359 2802 1386 2834 et
1403 2797 1515 2834 Epiplitzr
1531 2798 1576 2825 sed
1588 2797 1701 2834 δύναμιν

916 2834 991 2863 deest
1007 2834 1033 2862 in
1050 2834 1224 2869 quibusdam.
1242 2833 1324 2868 Editi,
1337 2833 1474 2869 ῥέπουσαν
1488 2833 1611 2869 δύναμιν.
