1954 3041
268 140 341 169 1055

573 141 603 169 S.
622 141 810 168 ATHANASII
829 141 906 170 OPP.
927 142 1017 170 PARS
1038 143 1057 170 Ι.
1078 160 1113 164 -
1132 144 1317 173 HISTORICA
1339 146 1382 174 ΕΤ
1402 145 1613 175 DOGMATICA.

1818 153 1874 182 {036

266 198 488 233 obtemperantes
512 198 735 233 acquiescerent;
757 199 799 226 vel
820 199 843 226 si
861 204 1045 234 repugnarent

1109 201 1152 227 ἵνα
1172 202 1189 237 ἢ
1209 202 1375 234 ἀκούσαντες
1393 204 1569 240 ἠρεμήσωσιν
1583 225 1591 238 ,
1615 205 1630 241 ἢ
1659 206 1832 242 ἀντιλέγοντες
1845 211 1876 243 ὡς

267 252 316 278 pro
338 243 473 271 haereticis
491 244 668 272 haberentur.
684 243 791 272 Etenim
803 253 864 280 quae
876 246 931 281 jam
950 255 1056 274 memo-

266 294 325 317 rata
340 294 414 322 sunt,
427 297 516 324 neque
529 289 603 316 dictu
621 298 710 325 neque
727 291 821 318 auditu
832 290 901 319 'sunt
919 292 1055 321 Christia-

265 336 309 363 nis
323 335 488 366 tolerabilia.
504 336 551 363 sed
575 337 610 364 ab
632 338 784 372 apostolica
803 338 928 366 doctrina
946 341 1054 374 penitus

264 381 423 408 abhorrent.
442 381 578 414 QuOcirca
607 391 704 410 eorum
719 384 802 417 dicta,
830 389 860 412 ut
877 385 934 420 jam
954 394 1055 414 memo-

264 432 323 454 rata
347 426 517 462 sn‘nt,ipsis
542 428 633 456 verbis
660 429 686 456 in
712 430 827 465 epistola
853 432 1054 460 eonscribenda

264 473 376 506 curavi;
398 478 427 500 ut
449 475 577 509 quisquis
595 475 724 508 audierit,
741 484 835 503 eorum
858 478 1053 512 turpitudinem

263 524 290 547 et
305 520 471 555 impietatem
488 521 699 549 animadvertat.
729 522 761 550 Et
783 524 891 551 tametsi
911 526 1053 559 oportebat

263 566 371 594 illorum
392 567 439 602 qui
458 568 517 595 haec
540 569 688 596 commenti
713 575 776 596 sunt
798 570 942 597 stultitiam
967 571 1053 606 pluri-

261 612 312 640 bus
336 621 450 648 arguere
465 617 491 640 et
512 614 676 647 confutare;
705 620 824 643 attamen
846 617 932 644 satius
955 616 1053 645 fuisset

260 659 404 694 epistolant
429 661 483 687 hue
508 660 643 691 desinere.
671 666 698 688 et
717 662 785 689 nihil
812 664 883 690 ultra
904 663 1048 692 scribere:

260 713 321 740 qua:
338 706 411 733 enini
438 706 475 734 ita
501 707 646 735 manifeste
668 716 752 743 prava
778 715 1049 744 commonstrantur,

259 752 397 787 exagitare
419 756 446 779 et
470 753 608 781 curiosius
625 753 754 789 indagare
776 763 831 782 non
853 757 972 791 expedit,
987 765 1020 784 ne
1034 765 1050 785 a

258 798 439 826 contentiosis
461 799 541 834 722
557 800 716 828 hominibus
738 802 863 838 ambigua
889 803 1050 831 existimen-

258 849 318 872 tur:
337 844 384 873 sed
402 845 502 873 sullicit
519 847 562 874 his
572 846 705 875 duntaxat
720 848 810 876 verbis
821 848 855 876 ad
871 849 917 876 illa
931 857 1048 885 respon-

257 890 324 918 dere
340 899 348 917 :
370 890 432 919 Haec
448 893 588 920 catholicae
607 893 736 922 Ecclesia:
751 903 804 922 non
816 901 890 928 sunt,
907 904 996 932 neque
1016 904 1048 924 ea

256 942 300 965 est
315 937 426 965 Patrum
443 940 588 966 sententia.
604 940 739 968 Cteterum
756 949 790 969 ne
811 950 844 970 ex
863 947 993 977 perpetuo
1009 944 1048 971 si-

257 983 342 1011 lentio
363 984 438 1019 impn
450 985 539 1013 lentiae
555 987 729 1014 occasionem
744 988 878 1015 malarum
901 989 938 1016 illi
953 997 1045 1016 rerum

256 1030 377 1057 artifices
388 1030 531 1064 arripiant,
544 1038 559 1057 e
577 1038 606 1058 re
625 1031 707 1059 fuerit
717 1039 749 1058 ex
773 1032 874 1060 divinis
898 1032 1046 1068 Scripturis

256 1084 342 1111 pauca
359 1084 529 1111 memorare;
551 1076 668 1105 fortasse
690 1079 732 1105 vel
756 1078 809 1106 hoc
836 1079 918 1107 modo
942 1080 1046 1115 pudore

254 1121 355 1154 allecti,
387 1122 562 1157 turpissimas
586 1124 730 1158 opiniones
761 1125 935 1161 excogitandi
963 1126 1044 1153 finem

257 1169 368 1196 facient.

288 1215 317 1242 4.
335 1214 409 1243 Heus
430 1223 490 1248 vos.
507 1216 554 1250 qui
567 1223 600 1243 eo
611 1217 732 1244 animum
747 1217 892 1252 appulistis
905 1222 935 1245 ut
946 1225 1045 1254 corpus

254 1261 383 1290 diceretis
416 1270 478 1291 esse
511 1263 593 1291 Verbi
637 1264 775 1292 divinitati
810 1266 1045 1294 eonsubstantiale

254 1309 339 1345 (hinc
356 1310 428 1337 enim
456 1311 540 1338 ordiri
558 1319 647 1346 operte
662 1313 778 1347 pretium
801 1313 901 1347 fuerit,
925 1318 956 1341 ut
981 1322 1043 1342 cum

253 1355 315 1390 ejus
334 1357 476 1384 sententiae
495 1357 606 1385 fmditas
623 1358 712 1393 palam
734 1358 826 1393 fuerit,
846 1367 934 1395 neque
947 1366 1044 1389 caetera

254 1402 366 1438 majoris
380 1411 440 1431 esse
454 1404 533 1439 pretii
542 1405 721 1440 conspicuum
733 1405 778 1441 sit)
789 1406 801 1432 ἲ
812 1406 841 1433 In
855 1407 956 1435 divinis
969 1412 1043 1435 certe

255 1449 405 1484 Seripturis
432 1450 502 1477 nihil
528 1456 669 1486 comparet
687 1452 856 1487 hujusntodi,
886 1461 949 1481 nam
978 1454 1043 1490 ipsa!

253 1494 339 1522 Deum
365 1496 393 1523 in
419 1497 540 1526 humano
569 1497 654 1526 fuisse
680 1506 795 1534 corpore
820 1499 976 1529 afﬁrmant:
995 1503 1043 1530 sed

253 1542 336 1570 etiant
353 1542 449 1571 Patres
467 1544 514 1579 qui
537 1543 634 1572 Nicaea:
649 1551 848 1581 convenerunt,
865 1555 918 1575 non
930 1556 1041 1583 corpus.
1057 1557 1079 1585 ε

253 1588 302 1616 sed
322 1589 411 1624 ipsum
429 1589 527 1618 Filium
551 1589 680 1618 dixerunt
694 1599 756 1619 esse
769 1592 844 1621 Patri
861 1595 1042 1623 consubstan-

254 1634 357 1668 tialem,
375 1634 489 1663 ethunc
503 1636 614 1671 quidem
635 1645 668 1665 ex
688 1639 841 1666 substantia
866 1639 966 1673 Patris,
981 1649 1044 1668 cor-

254 1688 306 1715 pus
320 1688 383 1708 vero
404 1689 438 1708 ex
465 1681 551 1709 Maria
569 1690 629 1710 esse
645 1691 680 1710 ex
705 1683 854 1719 Scripturis
869 1686 931 1714 item
949 1687 1042 1715 decia-

254 1730 362 1753 rarunt.
381 1725 564 1759 Quamobrem
585 1733 632 1755 aut
645 1727 782 1756 Niczenam
805 1731 945 1765 repudiate
961 1740 1043 1768 syno-

255 1773 332 1807 dum,
349 1779 376 1802 et
390 1778 483 1809 utpote
507 1774 638 1810 haeretici,
657 1776 715 1804 hme
733 1777 822 1805 aliena
839 1779 978 1806 inducite:
996 1785 1043 1807 aut

255 1820 278 1847 si
295 1820 379 1848 vultis
392 1820 505 1848 Patrum
521 1822 630 1850 illorum
655 1823 704 1850 lilii
722 1831 793 1855 esse,
810 1832 844 1852 ne
858 1825 994 1853 diversam
1008 1826 1043 1854 ab

254 1874 350 1894 eorum
377 1867 487 1903 scriptis
502 1869 665 1896 sententiam
677 1871 883 1898 consectetnini.
898 1871 955 1900 Hac
971 1880 1042 1907 quo-

254 1920 308 1948 que
323 1913 429 1942 ratione
441 1913 507 1942 illud
522 1919 631 1950 quantae
647 1916 683 1942 sit
700 1916 877 1945 absurditatis
890 1918 1041 1946 advertite:

255 1958 279 1986 si
297 1958 415 1987 Verbum
432 1961 552 1996 corpori,
572 1962 645 1996 quod
668 1970 702 1989 ex
726 1967 799 1990 terra
828 1968 954 1992 naturam
971 1970 1043 1994 tenet

255 2012 346 2038 suam,
359 2009 401 2033 est
412 2007 657 2041 consubstantiale,
677 2013 704 2035 et
723 2009 832 2037 aliunde
854 2009 973 2038 Verbum
999 2011 1043 2038 iti-

255 2050 328 2083 dem,
342 2051 421 2086 juxta
437 2050 550 2080 Patrum
567 2053 780 2087 confessionem,
806 2059 848 2083 est
875 2056 949 2084 Patri
977 2065 1044 2085 con-

255 2097 463 2131 substantiale;‘
483 2098 542 2133 ipse
567 2099 647 2127 Pater
675 2102 784 2134 corpori
809 2110 842 2129 ex
869 2106 941 2131 terra
971 2103 1043 2132 facto

255 2142 498 2171 consubstantialis
514 2144 575 2171 erit.
590 2144 693 2180 Ecquid
709 2146 778 2173 ultra
793 2146 910 2176 Arianos
925 2149 1043 2177 insecte-

255 2189 333 2222 mini,
348 2190 419 2224 quod
437 2189 529 2217 dicant
539 2190 637 2218 Filium
654 2199 714 2219 esse
727 2197 893 2226 creaturam,
909 2202 971 2222 cum
991 2195 1041 2230 ipsi

1107 247 1242 282 αίρετικοὶ
1268 248 1427 284 νομισθῶσι.
1453 250 1493 276 Τὰ
1522 251 1577 287 γὰρ
1606 253 1736 288 εἰρημένα
1751 254 1802 289 (10)
1823 256 1875 284 οὔτε

1106 292 1189 321 λεκτὰ
1207 293 1267 321 οὔτε
1283 295 1403 323 ἀκουστὰ
1425 296 1501 332 παρὰ
1518 298 1704 334 Χριστιανοῖς,
1726 300 1790 327 ἀλλὰ
1807 302 1873 330 ἀλλό-

1105 348 1168 376 τρια
1182 341 1252 367 κατὰ
1266 341 1355 368 πάντα
1377 342 1476 378 τρόπον
1495 344 1544 379 τῆς
1565 344 1744 381 ἀποπολικῆς
1765 347 1875 375 διδασκας

1105 385 1174 418 λίας.
1205 387 1255 413 Διὰ
1283 388 1362 415 τοῦτο
1387 388 1452 422 γοῦν
1473 389 1551 424 κάγὼ
1576 390 1611 417 τὰ
1630 392 1694 427 παρ’
1720 393 1832 427 ἐκείνων,
1844 395 1873 427 ὡς

1105 431 1267 468 προείρηται
1285 432 1354 468 (11),
1384 434 1555 470 ἐγγραφῆναι
1575 437 1686 472 γυμνῶς
1707 439 1833 474 πεποίηκα
1846 443 1872 477 τῇ

1104 476 1245 513 ἐπιστολῇ,
1265 478 1307 505 ἵνα
1321 480 1367 505 καὶ
1383 480 1462 515 μόνον
1477 482 1491 507 6
1504 481 1610 509 ἀκούων
1631 482 1719 520 θεωρῇ
1737 485 1784 521 τὴν
1800 487 1825 513 ἐν
1837 488 1874 514 αὺ-

1103 526 1159 556 τοῖς
1189 525 1320 561 αἰσχύνην
1345 527 1392 553 καὶ
1416 528 1553 555 ἀσέϐειαν.
1578 530 1632 557 Καὶ
1654 532 1678 557 εί
1703 532 1749 558 καὶ
1771 532 1819 559 ἔδει
1838 533 1873 561 διὰ

1103 569 1234 596 πλειόνων
1258 573 1421 607 κατηγορεῖν
1438 573 1484 600 καὶ
1503 573 1651 610 διελέγχειν
1668 577 1722 612 (ιε)
1739 577 1785 614 τὴν
1800 580 1872 615 ἀφρο-

1104 615 1187 648 σύνην
1202 616 1256 643 τῶν
1270 617 1303 644 τὰ
1319 618 1430 645 τοιαῦτα
1448 620 1603 655 νοησάντων
1617 631 1623 637 ·
1646 622 1713 652 ἀλλὰ
1735 624 1810 651 καλὸν
1830 626 1873 658 ἓως

1101 662 1203 689 τούτων
1218 661 1286 690 εἶναι
1300 664 1349 700 τὴν
1364 666 1507 702 ἐπιστολὴν
1518 688 1525 698 ,
1545 668 1592 694 καὶ
1613 669 1696 704 μηδὲν
1714 659 1800 698 πλεῖον
1817 672 1873 708 γράρ

1100 716 1162 742 φειν
1173 716 1179 722 ·
1200 709 1234 736 τὰ
1257 710 1311 746 γὰρ
1335 711 1406 738 οὕτω
1423 713 1547 748 φανερῶς
1561 714 1725 751 δεικνύμενα
1742 717 1824 752 φαῦλα
1836 727 1872 753 γυ-

1102 753 1213 788 μνάζειν
1227 755 1274 782 ἐπὶ
1291 755 1381 783 πλεῖον
1400 758 1446 784 καὶ
1469 759 1699 794 περιεργάζεσθαι
1728 762 1757 788 οὔ
1776 763 1821 795 δεῖ,
1837 763 1871 789 ἵνα

1102 799 1140 834 μὴ
1157 801 1212 832 τοῖς
1228 800 1423 835 φιλονεικοῦσιν
1433 803 1472 835 ὡς
1482 805 1620 840 ἀμφίϐολα
1630 807 1744 844 νομισθῇ
1757 818 1763 824 ·
1778 809 1793 844 ἢ
1807 809 1871 836 τοῦτο
1912 820 1915 824 '

1103 845 1182 879 μόνον
1209 846 1408 883 ἀποκρίνασθαι
1427 849 1496 884 πρὸς
1511 850 1546 878 τὰ
1567 852 1695 886 τοιαῦτα,
1716 855 1761 881 καὶ
1776 855 1869 881 εἰπεῖν’

1107 891 1208 927 Ἀρκεῖ,
1231 893 1271 919 ὅτι
1286 893 1336 919 οὐκ
1357 893 1414 921 ἐστι
1429 895 1515 922 ταῦτα
1530 896 1581 932 τῆς
1601 898 1756 935 Καθολικῆς
1774 900 1870 936 Ἐκκλη-

1101 937 1172 971 σίας,
1189 938 1249 965 οὐδὲ
1263 939 1347 966 ταῦτα
1366 942 1391 967 οἱ
1409 942 1530 978 Πατέρες
1548 943 1713 979 ἐφρόνησαν,
1728 946 1784 972 ’⁷Ινα
1797 946 1822 972 δὲ
1841 948 1869 982 μὴ

1100 985 1132 1011 ὲκ
1146 985 1196 1020 τῆς
1212 985 1302 1012 τέλεον
1326 988 1432 1023 σιωπῆς
1457 989 1592 1025 πρόφασιν
1617 991 1805 1028 ἀναισχυντίας
1825 994 1868 1028 (15)

1100 1032 1206 1063 ἑαυτοῖς
1225 1034 1249 1058 οἱ
1264 1033 1318 1060 τῶν
1331 1034 1424 1061 κακῶν
1445 1036 1589 1072 ὲφευρεταὶ
1609 1038 1789 1074 πορίσωνται,
1802 1039 1869 1066 καλὸν

1099 1077 1132 1104 ὲκ
1148 1078 1202 1105 τῶν
1218 1078 1297 1106 θείων
1314 1080 1429 1116 Γραφῶν
1443 1082 1521 1117 ὀλίγα
1534 1085 1720 1120 μνημονεῦσαι
1732 1094 1739 1101 ”
1753 1086 1818 1121 τάχα
1828 1086 1867 1113 κᾶν

1098 1123 1185 1156 οὕτως
1200 1125 1367 1159 αἰδεσθέντες
1381 1128 1538 1156 παύσωνται
1549 1131 1602 1157 ἀπὸ
1618 1131 1673 1158 τῶν
1689 1132 1812 1168 ῥυπαρῶν
1822 1132 1868 1159 τού-

1098 1178 1152 1197 των
1167 1172 1302 1200 ἐπινοιῶν.

1133 1215 1159 1242 ι.
1189 1217 1274 1244 Πόθεν
1294 1218 1358 1253 ὑμῖν
1382 1220 1502 1255 ἐπῆλθεν
1529 1222 1618 1249 είπεῖν
1645 1223 1723 1259 (14),
1748 1221 1770 1251 ὦ
1796 1221 1865 1257 οὗτοι,

1098 1262 1241 1298 ὁμοούσιον
1267 1262 1337 1292 εἶναι
1359 1266 1390 1293 τὸ
1411 1267 1489 1302 σῶμα
1506 1268 1555 1304 τῆς
1574 1269 1622 1295 τοῦ
1644 1271 1730 1305 Λόγου
1760 1271 1867 1306 θεότητος

1099 1308 1170 1343 (ἀπὸ
1185 1309 1240 1345 γὰρ
1253 1310 1348 1337 τούτου
1362 1312 1443 1339 καλόν
1457 1314 1532 1340 ἐστιν
1548 1314 1694 1351 ἄρξασθαι,
1711 1316 1768 1348 ἵνα,
1787 1315 1866 1342 τούτου

1096 1354 1270 1391 δεικνυμένου
1288 1357 1398 1393 σαθροῦ,
1417 1359 1464 1385 καὶ
1480 1360 1569 1387 πάντα
1583 1361 1617 1387 τὰ
1630 1361 1698 1388 ἄλλα
1711 1362 1814 1389 τοιαῦτα
1824 1361 1867 1388 δει-

1097 1401 1185 1436 χθῇ);
1210 1403 1276 1429 Ἀπὸ
1299 1404 1348 1439 μὲν
1371 1402 1418 1431 οὖν
1437 1405 1491 1432 τῶν
1512 1405 1591 1433 θείων
1614 1407 1732 1443 Γραφῶν
1747 1409 1793 1435 οὐκ
1805 1408 1867 1434 ἐστιν

1096 1447 1196 1482 εὑρεῖν,
1208 1448 1274 1475 Θεὸν
1291 1449 1345 1486 γὰρ
1365 1451 1394 1477 ὲν
1410 1451 1572 1488 ἀνθρωπίνῳ
1589 1453 1697 1489 σώματι
1718 1455 1817 1489 λέγουσι
1829 1462 1866 1487 γε-

1096 1494 1212 1527 γονέναι.
1232 1495 1311 1522 Ἀλλὰ
1324 1496 1378 1532 γὰρ
1392 1497 1447 1532 (15)
1459 1498 1506 1525 καὶ
1521 1499 1546 1526 οἱ
1556 1500 1689 1537 Πατέρες,
1703 1502 1727 1527 0i
1741 1502 1768 1527 ὲν
1779 1499 1866 1534 Νικαίᾳ

1096 1540 1267 1572 συνελθόντες
1278 1542 1308 1568 οὺ
1325 1543 1355 1568 τὸ
1374 1543 1464 1578 σῶμα,
1480 1544 1537 1571 ἀλλ’
1553 1546 1636 1572 αὐτὸν
1652 1547 1697 1574 τὴν
1712 1547 1773 1573 Υίὸν
1783 1545 1865 1582 opm-3-

1098 1595 1154 1613 σιον
1182 1588 1309 1623 εἰρήκασι
1329 1588 1375 1615 τοῦ
1391 1590 1508 1626 Πατρὸς,
1530 1591 1578 1618 καὶ
1592 1593 1687 1620 τοῦτον
1711 1593 1758 1629 μὲν
1778 1595 1807 1620 ὲκ
1825 1591 1865 1625 τῆς

1096 1631 1188 1663 οὐσίας
1198 1631 1245 1658 τοῦ
1266 1633 1383 1669 Πατρός,
1398 1635 1428 1661 τὸ
1443 1635 1471 1661 δὲ
1487 1635 1566 1672 σῶμα
1580 1637 1611 1663 ὲκ
1624 1638 1734 1673 Μαρίας
1744 1637 1864 1673 ὡμολόγη-

1097 1685 1147 1703 σαν
1169 1675 1238 1704 εῐναι
1262 1679 1342 1706 πάλιν
1363 1680 1434 1708 κατὰ
1458 1681 1507 1714 τὰς
1523 1682 1635 1718 Γραφάς
1654 1684 1721 1719 (16).
1741 1684 1772 1711 Ἦ
1791 1684 1865 1710 τοίνυν

1096 1724 1251 1759 ἀρνήσασθε
1269 1726 1318 1761 τὴν
1340 1727 1368 1752 ὲν
1385 1726 1485 1764 Νικαίᾳ
1503 1728 1620 1762 σύνοδον,
1640 1732 1686 1758 καὶ
1700 1731 1737 1763 ὠς
1752 1729 1864 1765 αἱρετικοὶ

1097 1773 1296 1808 παρεισφέρετε
1313 1774 1399 1802 ταῦτα
1409 1783 1415 1790 ·
1431 1775 1459 1811 ἢ,
1477 1776 1500 1802 εἰ
1517 1775 1644 1811 βούλεσθε
1658 1779 1740 1806 τέκνα
1755 1779 1803 1805 τῶν
1818 1777 1863 1804 Πα-

1096 1818 1184 1853 τέρων
1195 1817 1275 1852 εἶναι,
1290 1821 1327 1856 μὴ
1341 1823 1463 1857 φρονεῖτε
1480 1824 1544 1857 παρ’
1555 1825 1659 1858 ἐκεῖνα,
1678 1826 1748 1861 ειπερ
1761 1823 1863 1860 ἔγραψαν

1096 1865 1173 1891 αὐτοί
1188 1865 1252 1901 (Π).
1268 1867 1322 1893 Καὶ
1331 1867 1385 1904 γὰρ
1405 1869 1451 1895 καί¹
1462 1870 1494 1896 ὲκ
1508 1870 1603 1897 τούτου
1616 1872 1648 1898 τὸ
1661 1872 1758 1899 ἄτοπον
1769 1871 1863 1906 θεωρεῖν

1097 1911 1169 1945 ὑμᾶς
1184 1911 1288 1944 ἔξεστιν
1299 1921 1307 1929 ·
1323 1915 1347 1940 εἰ
1363 1914 1505 1949 όμοούσιος
1525 1917 1539 1942 6
1556 1917 1642 1951 Λόγος
1653 1918 1692 1953 τῷ
1709 1917 1806 1952 σώματι
1819 1915 1862 1950 (18)

1097 1957 1130 1983 ἐκ
1144 1959 1196 1992 γῆς
1214 1957 1302 1993 ἔχοντι
1314 1959 1363 1995 τὴν
1383 1960 1479 1995 φύσιν,
1497 1962 1638 1997 ὁμοοὺσιος
1661 1963 1689 1990 δὲ
1709 1963 1722 1988 6
1740 1963 1816 1997 Λόγος
1833 1959 1864 1995 τῷ

1096 2003 1185 2039 Πατρὶ
1202 2004 1272 2031 κατὰ
1290 2005 1339 2042 τὴν
1363 2006 1417 2033 τῶν
1445 2008 1573 2044 Πατέρων
1598 2009 1761 2044 ὁμολογίαν
1784 2007 1864 2044 όμοού-

1097 2057 1154 2081 on0;
1168 2050 1244 2077 ἔσται
1263 2052 1310 2077 καὶ
1322 2052 1401 2084 αὐτὸς
1416 2054 1429 2079 6
1447 2054 1542 2090 Πατὴρ
1556 2055 1595 2090 τῷ
1610 2056 1714 2092 σώματι
1730 2056 1768 2092 τῷ
1780 2057 1808 2082 ἐκ
1821 2053 1863 2089 γῆς

1097 2096 1246 2132 γενομένῳ.
1271 2098 1366 2124 Καὶτί
1381 2099 1421 2125 ἔτι
1443 2100 1583 2135 μέμφεσθε
1604 2103 1661 2134 τοῖς
1682 2103 1819 2138 Ἀρειανοῖς
1832 2099 1864 2126 λέ-

1096 2150 1174 2176 γουσι
1186 2143 1232 2170 τὸν
1251 2144 1314 2170 Υίὸν
1333 2145 1447 2180 κτίσμα,
1465 2146 1591 2181 λέγοντες
1605 2149 1682 2175 αὐτοὶ
1698 2149 1744 2176 καὶ
1760 2148 1810 2184 (f9)
1826 2147 1862 2173 τὸν

1097 2189 1206 2222 Πατέρα
1228 2189 1370 2225 ὀμοούσιον
1392 2193 1448 2223 τοῖς
1473 2192 1622 2228 mictum;
1652 2195 1698 2221 καὶ
1723 2195 1760 2226 είς
1783 2193 1862 2228 ἑτέραν

255 2234 363 2263 Patrem
383 2236 465 2264 rebus
481 2238 579 2265 creatis
603 2246 665 2266 esse
689 2240 950 2268 consubstantialem
974 2241 1046 2268 aﬂir-

1099 2233 1224 2262 ἀσέϐειαν
1250 2237 1462 2272 μετερχόμενοι,
1481 2240 1631 2274 φάσκοντες
1654 2242 1694 2273 εἰς
1717 2241 1808 2276 σάρκα,
1824 2237 1863 2265 καὶ

255 2282 346 2316 metis,
364 2287 391 2310 et
410 2283 438 2310 in
464 2284 545 2311 aliam
567 2284 733 2320 impietatem
749 2292 922 2315 transeuntes
935 2288 1043 2323 dicatis,

256 2328 284 2355 in
296 2335 418 2362 carnem,
435 2336 510 2362 ossa,
528 2330 650 2364 capillos,
669 2339 768 2360 nervos
781 2336 808 2360 et
825 2333 852 2360 in
879 2338 966 2361 totum
980 2342 1045 2362 cor-

255 2380 308 2407 pus
331 2381 494 2402 conversum
516 2382 577 2403 esse
600 2374 732 2410 Verbum,
757 2381 784 2405 et
799 2385 814 2405 a
830 2380 941 2414 propria
955 2385 1044 2407 muta-

292 2477 352 2519 (10)¹
362 2476 474 2512 Seguer.
491 2482 518 2506 et
534 2477 643 2514 Epiph.,
659 2479 839 2516 ὀνομασθῶσι.
855 2481 896 2508 Τὰ
912 2482 966 2519 γὰρ
979 2492 1045 2519 προ-

255 2513 398 2548 ειρημένα.
586 2513 592 2514 ί
707 2513 712 2516 ⁷
917 2513 923 2517 ⁷
950 2513 956 2519 ”
1001 2513 1006 2519 ’

272 2549 349 2591 “(tu
367 2548 412 2576 Sie
435 2547 546 2584 Seguer.
565 2550 674 2578 Gobler.
695 2557 722 2579 et
736 2551 856 2580 Felckm.
875 2553 898 2580 1.
913 2553 940 2580 ln
953 2553 1043 2587 editis,

256 2591 487 2660 ῗῖεἷτίέῗιξρυὶἀεξιη
510 2623 815 2660 _mss.,__xa1r,yopﬁaat
840 2623 887 2660 καὶ
911 2625 1042 2660 ἐλέγχειν,

255 2654 328 2687 Mox,
343 2655 498 2693 τῶίταῦτα
508 2654 711 2693 διανοηθέντωνξ
724 2654 832 2686 (Σούίιιιτ.
848 2659 937 2687 Fel'ck.
957 2654 1046 2693 ἀϊδρ-

256 2696 372 2732 guer._et
387 2689 495 2732 Epiph,
510 2692 560 2732 τὴν
574 2689 627 2720 τῶν
638 2694 730 2732 ταῦτα.
741 2689 1046 2732 διανοηθέντωιζαίιτχύ-

256 2733 315 2766 νην.
334 2725 644 2766 ng__|‘_3piph_.__Segner.
661 2729 742 2766 lius”,
759 2725 867 2766 Gobl'er.
884 2736 910 2758 et
926 2725 1044 2766 Felefl,

258 2760 433 2823 πὶλρονὲθΕάἱιὶ
446 2760 473 2789 et
486 2763 542 2797 alii,
555 2760 655 2792 πλεῖον.
672 2764 743 2792 Infra
757 2765 869 2802 Seguer.
883 2767 968 2800 solus,
983 2760 1046 2794 ἀποί

258 2804 330 2823 κοινε
367 2805 404 2823 αι.

255 2804 404 2832 κρινεσναι.

293 2831 349 2867 (15)
365 2832 477 2869 Seguer.
493 2834 567 2862 solus
595 2836 795 2871 ἀναισχυντίας.
817 2837 880 2873 Alii,
896 2838 1043 2875 ἀναίσχυν-

255 2875 311 2895 τον.

1093 2280 1185 2313 ὀστέα,
1200 2282 1246 2308 καὶ
1253 2283 1357 2318 τρίχας,
1373 2285 1420 2310 καὶ
1434 2284 1526 2320 νεῦρα,
1536 2287 1583 2312 καὶ
1591 2286 1650 2313 ὅλον
1661 2288 1690 2314 τὸ
1701 2287 1777 2322 σῶμα
1791 2293 1863 2321 μετα-

1096 2326 1244 2363 δεὸλῆσθαι
1276 2329 1321 2355 τὸν
1355 2329 1451 2364 Λόγον,
1469 2331 1516 2358 καὶ
1532 2331 1662 2368 ἠλλάχθαι
1679 2333 1727 2368 τῆς
1747 2332 1808 2362 ίδίας
1820 2329 1862 2364 φύο

1098 2381 1177 2404 σεως.
1194 2373 1264 2409 Ὥρα
1278 2373 1332 2410 γὰρ
1346 2375 1418 2410 ὑμᾶς
1434 2374 1558 2413 φανερῶς
1579 2379 1666 2405 εἰπεῖν
1683 2379 1714 2405 ἐκ
1732 2378 1780 2413 γῆς
1795 2375 1862 2402 at???”

1131 2487 1186 2525 (7H)
1203 2486 1374 2525 $egtterian.,
1392 2489 1476 2525 ῌόθεν
1499 2490 1579 2525 ὑμῖν,
1598 2487 1620 2518 ὧ
1641 2488 1722 2523 οὗτοι,
1738 2490 1824 2517 εἰπεῖν.
1838 2485 1861 2513 1η

1094 2524 1189 2561 eodem
1206 2522 1276 2561 infra
1289 2527 1349 2561 post
1363 2523 1454 2561 καλόν,
1473 2522 1651 2561 nonilegitur,
1664 2522 1745 2553 ἐστιν.
1790 2558 1806 2561 Α
1837 2556 1842 2560 ,

1131 2557 1186 2596 (t5)
1199 2557 1267 2596 __l‘étp
1283 2557 1358 2596 deest
1374 2559 1400 2585 in
1419 2556 1509 2588 editis.
1528 2556 1656 2590 Exvmss'.
1671 2562 1778 2596 Segner.
1790 2556 1860 2586 Basil-

1095 2598 1122 2621 et
1137 2593 1241 2628 Anglic.
1256 2593 1432 2621 restitnimus.

1134 2629 1188 2667 illi)
1204 2628 1285 2667 Θείας
1305 2628 1431 2664 Γραφάς,
1450 2631 1475 2658 in
1494 2630 1604 2667 Seguer.
1628 2632 1706 2660 Basil.
1727 2629 1824 2659 Gobler.
1839 2628 1861 2652 el

1095 2663 1215 2691 Felekm.
1233 2664 1258 2690 1.
1328 2663 1332 2664 ν
1530 2663 1543 2667 ’

1133 2700 1188 2734 (l7)
1204 2698 1293 2734 Locus
1311 2699 1412 2727 citatus
1424 2700 1451 2727 in
1467 2701 1531 2728 dial.
1551 2701 1692 2730 Thenriani
1708 2701 1764 2729 adv.
1778 2699 1860 2734 Arme—

1097 2730 1158 2777 nos,
1171 2730 1235 2777 t:om.
1251 2733 1260 2760 l
1279 2734 1350 2762 Bibl.
1366 2734 1451 2764 Grato.
1468 2736 1527 2764 PP.
1540 2745 1566 2772 p.
1579 2738 1640 2772 ιιι-ι,
1653 2737 1744 2773 Epiph.
1756 2734 1805 2762 Καὶ
1814 2730 1859 2766 γὰρ

1097 2778 1129 2796 εκ
1143 2778 1246 2796 τουτου.

1119 2805 1188 2846 με)
1204 2804 1313 2832 Gobler.
1330 2804 1448 2835 Felckm.
1465 2807 1497 2841 ι,
1514 2808 1537 2834 εἰ
1553 2809 1689 2845 ὁμοούσιον
1705 2805 1741 2841 τῷ
1755 2798 1859 2838 Λδγφτδ

1098 2849 1187 2876 σῶμα.

1133 2875 1187 2912 (19)
1203 2875 1258 2902 Καί
1273 2876 1348 2905 deest
1361 2876 1388 2904 in
1404 2876 1486 2906 Basil.
