1954 3041
118 99 186 129 ηερ

573 107 742 137 EPISTOLA
761 110 806 137 AD
823 110 1023 139 ADELPHIUM
1043 109 1245 138 El‘ISCOPUM.

1668 110 1738 142 1070

116 157 157 204 6h:
171 159 218 186 καὶ
230 160 282 195 τῆς
295 161 396 197 σαρκὸς
409 163 519 198 Μαρίας
529 165 674 200 γενόμενος
687 165 828 202 ἄνθρωπος
839 186 847 198 ,
864 166 902 198 ὡς

956 174 986 194 ne
1000 167 1092 194 Mariae
1112 167 1194 195 homo
1214 167 1304 195 factus
1332 170 1384 201 est,
1401 172 1430 195 ut
1461 168 1499 195 ait
1516 169 1596 204 727
1622 169 1735 200 Paulus.

115 202 189 232 εἶπεν
201 207 215 232 ό
225 206 338 239 Παῦλος.
353 207 452 236 Τοῦτον
468 211 482 236 ὁ
496 211 590 247 Πατὴρ
601 212 794 247 (71)ὲδείκνυε,
811 213 858 240 καὶ
873 215 902 240 ἐν

120 251 237 287 Ἰορδάνῃ
249 253 295 279 καὶ
306 254 334 279 ὲν
350 253 389 289 τῷ
404 254 462 290 ὄρει
476 255 578 290 λέγων·
594 257 688 292 Οὗτός
699 259 784 286 ἐστιν
800 261 816 286 ὀ
837 261 902 292 Υἱός

111 305 170 332 μου
187 299 203 324 ό
217 298 379 333 ἀγαπητὸς,
400 301 435 327 ἐν
451 301 474 334 ᾧ
491 302 658 337 ηὺδόκησα.
680 304 780 331 Τοῦτον
802 306 826 332 οἱ
853 307 902 341 μὲν

121 343 251 379 ’Δρειανοὶ
262 346 424 381 ἠρνήσαντο,
437 348 517 383 ἡμεῖς
529 348 557 375 δὲ
568 349 804 384 ἐπιγινώσκοντες,
818 361 902 388 προσ-

115 389 257 425 κυνοῦμεν,
285 391 315 418 οὐ
339 392 506 428 διαιροῦντες
529 395 575 422 τὸν
600 396 662 423 Υὶὺν
676 397 783 424 καὶτὸν
806 397 901 432 Λόγον,

114 435 171 462 ἀλλ’
179 437 259 463 αὐτὸν
267 437 312 464 τὸν
321 438 407 473 Λόγον
418 439 475 475 (7‘2)
490 440 592 472 ειδότες
598 438 666 468 εἶναι
680 441 726 469 τὸν
737 442 801 470 Υίὺν
811 464 818 476 ,
833 440 902 470 δι’οῧ

113 481 147 508 τὰ
160 482 248 509 πάντα
265 483 376 517 γέγονε,
399 484 446 511 καὶ
468 484 548 520 ἡμεῖς
575 486 777 524 ὲλυτρώθημεν.
794 488 839 515 Διδ
856 489 904 516 καὶ

113 528 317 565 ἐθαυμάσαμεν,
327 530 385 562 πῶς
394 531 461 564 ὅλως
467 532 496 558 ὲν
502 530 565 568 ὑμῖν
575 531 631 568 (75)
638 535 702 570 περὶ
709 534 763 561 τῶν
777 534 848 562 οὕτω
855 544 904 570 φα-

113 575 198 612 νερῶν
227 575 322 611 γέγονε
345 577 505 613 φιλονεικία.
538 579 617 606 Ἀλλὰ
643 581 723 616 χάρις
739 580 777 616 τῷ
799 582 903 618 Κυρίῳ,

113 621 164 654 ὅτι,
174 621 235 648 ὅσον
244 622 418 660 ὲλυπήθημεν
426 625 582 660 ἐντυχόντες
590 626 646 660 (74)
653 628 707 658 τοῖς
715 627 903 663 ὑπομνήμασι,

113 667 238 694 τοσοῦτον
252 669 391 705 ἐχάρημεν
406 671 452 697 ἐπὶ
473 671 513 706 τῷ
528 671 600 698 τέλει
624 672 735 700 τούτων.
752 674 830 701 Μετὰ
849 674 904 711 γὰρ

114 715 271 750 συμφωνίας
284 716 469 752 ἀνεχώρησαν,
485 718 532 745 καὶ
555 719 714 754 είρὴνευσαν
734 720 780 746 ἐπὶ
795 721 827 756 τῇ
841 721 906 756 ὀμο-

111 758 189 796 λογίᾳ.
213 760 264 796 τῆς
284 762 412 795 εὐσεὸοῦς
439 764 486 790 καὶ
512 764 654 799 ὸρθοδόξου
672 765 797 798 πίστεως.
822 766 906 794 Τοῦτο

111 807 176 842 γοῦν
185 808 267 844 κάμὲ,
280 809 364 836 πολλὰ
382 811 513 847 πρότερον
527 812 709 848 σκεψάμενον,
725 814 837 841 πέπεικε
849 815 905 851 (75)

112 854 214 888 γράψαι
230 855 264 881 τὰ
278 855 357 891 ὀλίγα
367 857 470 888 ταῦτα,
485 857 678 894 λογισάμενον,
697 860 734 895 μὴ
749 859 803 896 ἄρα
819 860 904 888 ταῦτα

112 900 143 926 ἔκ
160 901 209 935 τῆς
223 902 328 938 σιωπῆς
343 903 403 930 ἀντὶ
419 905 507 940 χαρᾶς
524 904 595 940 λύπη
610 905 722 941 γένηται
737 907 794 937 τοῖς
808 906 840 932 ὲκ
854 906 904 942 τῆς

113 948 270 982 συμφωνίας
282 950 419 984 πρόφασιν
432 951 479 977 τοῦ
498 952 602 987 χαίρειν
620 952 805 988 παρασχοῦσιν
824 954 900 988 ἡμῖν.

118 992 197 1026 Ἀξιῶ
209 995 300 1022 τοίνυν
316 997 527 1032 προηγουμένως
541 998 589 1033 τὴν
603 999 652 1034 σὴν
676 999 818 1026 εὐλάϐειαν
827 1020 834 1032 ,
855 999 902 1025 καὶ

111 1039 236 1076 δεύτερον
248 1042 312 1074 τοὺς
327 1043 485 1076 ἀκούοντας,
504 1044 573 1079 μετὰ
600 1045 778 1079 συνειδήσεως
799 1044 903 1079 ἀγαθῆς

111 1086 195 1113 ταῦτα
209 1087 352 1121 δέξασθαι’
368 1090 415 1116 καὶ
432 1091 455 1116 εί
468 1090 518 1125 μέν
531 1099 558 1116 τι
569 1089 636 1125 πρὸς
651 1090 790 1116 εὐσέϐειαν
804 1089 902 1122 λείπει,

110 1132 190 1160 τοῦτο
205 1133 402 1169 διορθώσασθαι
414 1136 461 1162 καὶ
473 1136 592 1171 δηλῶσαί
608 1145 668 1171 μοι·
685 1137 709 1162 εἰ
729 1135 756 1162 δὲ
779 1135 816 1167 ὡς
829 1135 903 1169 παρά

113 1178 216 1206 ἰδιώτου
230 1180 268 1215 τῷ
282 1181 360 1217 Λόγῳ
375 1182 412 1218 μὴ
423 1183 482 1209 κατ’
500 1182 588 1216 ἀξίαν,
608 1182 674 1217 μηδὲ
685 1181 792 1213 τελείως
803 1181 904 1217 γέγρα-

111 1233 186 1257 πται,
199 1225 352 1260 συγγνῶναι
362 1227 464 1259 πάντας
473 1227 528 1262 (76)
537 1228 569 1262 τῇ
577 1227 700 1263 ἡμετέρᾳ
707 1227 771 1262 περὶ
778 1227 808 1253 τὸ
814 1226 903 1260 λέγειν
916 1262 918 1267 π

110 1271 247 1308 ἀσθενείᾳ.
262 1274 451 1308 Προσαγόρευε
468 1273 571 1304 πάντας
593 1273 656 1305 τοὺς
678 1272 746 1308 μετὰ
764 1272 810 1299 σοῦ
826 1272 903 1299 ἀδελ-

111 1319 188 1353 φούς.
201 1319 235 1345 Σὲ
251 1320 275 1346 οἰ
291 1320 421 1354 σὺν,ἡμῖν
445 1318 545 1350 πάντες
562 1317 819 1354 προσαγορεύουσιν.
842 1318 904 1353 Ἐῤ-

112 1365 242 1400 ῥωμὲνως
271 1366 301 1392 ὲν
321 1365 416 1401 Κυρίῳ
434 1365 554 1400 διάγοις,
579 1364 704 1399 ἀγαπητὲ
727 1364 775 1391 καὶ
797 1363 905 1400 ἀληθῶς

111 1411 176 1438 mea
181 1411 293 1438 ινότατε.

146 1470 169 1486 ⁷⁸
185 1469 279 1497 Matth.
295 1476 338 1503 ιιι,
355 1469 398 1496 l7.

150 1528 203 1563 ’71)
219 1528 378 1564 Seguerian.
392 1528 470 1556 Gobl.
484 1532 511 1555 et
521 1527 593 1564 Felc.
613 1528 639 1561 1,
653 1525 684 1554 ὃν
698 1527 713 1554 ὁ
727 1526 833 1563 Πατήρ.

146 1564 203 1599 (72)
220 1563 272 1591 Τὸν
284 1564 369 1599 Λόγον
385 1564 461 1591 deest
479 1564 505 1599 in
519 1563 631 1598 Seguer.

147 1597 204 1634 (73)
223 1597 334 1633 Segucr.
353 1600 382 1626 ὲν
402 1600 477 1634 ἡμῖν.
493 1597 564 1625 Intra
578 1599 618 1634 ᾄτι
633 1599 709 1626 deest
721 1599 747 1625 in
761 1598 827 1625 edit.
838 1597 898 1634 col.

148 1631 212 1671 (74)?
227 1631 273 1671 Sic
293 1634 390 1671 Epiph.
413 1631 439 1671 ξι
453 1634 509 1671 Ἐν.
578 1633 660 1671 Editi,
682 1633 850 1671 εὐτυχόντες.
870 1631 901 1671 Ιιι

112 1667 277 1705 ch.,'Gobl.
291 1667 397 1698 et‘Félc.
412 1670 439 1703 i,
453 1670 522 1701 haec,
537 1669 694 1704 ἐντυχόντες
709 1667 764 1700 τοῖς
782 1667 903 1703 ὑπομνή-

113 1714 180 1741 μασι
195 1706 303 1734 desunt.

953 211 1030 240 Hunc
1063 212 1142 240 Pater
1172 213 1199 240 in
1233 210 1350 241 Jordane
1375 217 1402 241 et
1439 213 1466 241 in
1496 221 1588 243 monte
1620 218 1736 246 manife-

952 258 1034 284 stavit
1053 258 1166 286 dicens:
1184 258 1236 285 Hic
1252 263 1291 285 est
1311 258 1400 285 Filius
1424 267 1496 287 meus
1517 260 1626 288 dilectus
1642 263 1670 289 in
1686 271 1737 298 quo

953 303 1016 330 mihi
1032 304 1180 339 complacui
1190 305 1224 332 ⁷⁸.
1235 304 1313 333 Hunc
1326 305 1418 332 Ariani
1434 306 1543 341 quidem
1558 307 1736 343 abnegarunt,

953 358 1004 378 nos
1018 359 1082 378 vero
1093 355 1270 386 agnoscentes
1281 352 1439 386 adoramus,
1453 360 1502 380 nec
1514 352 1613 381 Filium
1622 362 1637 381 a
1649 354 1738 382 Verbo

952 397 1110 430 dividimus,
1126 397 1172 425 sed
1190 398 1364 432 agnoscimus
1376 398 1465 433 ipsum
1485 395 1604 427 Verbum
1620 407 1681 428 esse
1693 397 1739 428 Fi—

952 442 1018 469 lium
1036 451 1084 478 per
1097 451 1178 478 quem
1192 443 1284 470 omnia
1299 443 1369 472 facta
1387 449 1462 478 sunt,
1479 449 1507 472 et
1523 453 1570 480 pcr
1585 453 1665 481 quem
1688 455 1740 476 nos

952 488 1083 524 redempti
1100 497 1205 517 sumus.
1221 489 1389 524 Quapropter
1405 490 1495 517 mirati
1510 498 1606 519 sumus
1621 493 1692 527 quod
1712 494 1739 520 in

953 534 1036 561 rebus
1050 535 1087 561 ita
1104 534 1256 562 manifestis
1273 535 1345 570 apud
1362 543 1409 563 vos
1425 536 1564 564 contentio
1579 537 1676 566 oborta
1692 539 1738 566 sit.

955 579 1006 608 Sed
1023 581 1109 616 gratia
1129 581 1165 608 sit
1184 580 1310 614 Domino,
1326 581 1390 616 quia
1406 586 1536 616 quantum
1550 590 1582 610 es
1601 591 1742 612 commen-

954 628 1083 654 tariorum
1102 627 1217 654 lectione
1231 627 1383 654 contristati
1399 635 1504 662 sumus,
1518 633 1622 657 tantum
1645 638 1742 658 sumus

953 681 1046 700 rerum
1070 673 1183 701 istarum
1210 673 1282 700 exitu
1300 673 1393 701 laetati.
1408 673 1477 701 Cum
1497 675 1642 703 concordia
1668 677 1740 704 enim

954 718 1155 751 discesserunt,
1182 719 1233 754 pias
1253 723 1281 746 et
1304 719 1464 747 orthodoxa
1484 719 1545 747 fidei
1569 720 1742 750 confessione

955 765 1026 792 inter
1041 773 1070 793 se
1094 765 1236 793 conciliata
1259 772 1335 800 pace.
1355 765 1393 792 Ea
1413 769 1491 808 certe
1506 772 1550 793 res
1566 773 1610 794 me
1625 768 1741 795 multum

955 812 1031 846 prius
1043 811 1248 844 deliberantem,
1269 811 1303 839 ad
1318 811 1376 839 haec
1399 820 1484 846 pauca
1509 813 1653 841 scribenda
1668 822 1743 842 com-

957 857 1025 893 pulit
1037 866 1044 885 :
1058 852 1171 884 verebar
1185 858 1257 885 enim
1272 865 1305 885 ne
1327 857 1397 885 forte
1410 866 1452 899 .ex
1476 858 1671 893 taciturnitate,
1692 869 1743 896 pro

956 905 1056 941 gaudio
1077 906 1185 933 tristitia
1212 906 1266 933 illis
1285 897 1448 939 ohoriretur,
1476 907 1522 942 qui
1539 915 1571 935 ex
1596 910 1742 938 concordia

955 951 1034 979 nobis
1054 959 1163 978 causam
1189 951 1287 979 lastitiae
1313 953 1530 987 suppeditarunt.
1560 953 1636 989 Rogo
1660 955 1743 990 igitur

954 998 1029 1022 tuam
1047 994 1172 1029 pietatem
1189 994 1319 1029 primum,
1332 996 1455 1023 secundo
1471 997 1619 1030 auditores,
1633 1002 1664 1025 ut
1685 999 1744 1027 haec

957 1047 1019 1068 eum
1040 1040 1111 1067 bona
1131 1040 1297 1068 conscientia
1318 1041 1472 1076 recipiatis:
1488 1047 1515 1069 et
1530 1042 1552 1070 si
1566 1043 1631 1078 quid
1655 1051 1670 1070 a
1684 1044 1742 1079 pie-

958 1090 1011 1113 tate
1037 1085 1177 1118 deﬁciunt,
1199 1085 1266 1113 illud
1289 1087 1433 1122 corrigatis
1457 1088 1580 1123 mihique
1605 1089 1741 1118 indicetis.

956 1131 1034 1164 Quod
1048 1132 1082 1165 si,
1096 1136 1188 1166 utpote
1199 1132 1233 1159 ab
1246 1132 1356 1160 homine
1368 1133 1505 1168 imperito,
1520 1142 1573 1162 non
1590 1142 1639 1169 pro
1654 1136 1744 1170 digni-

956 1182 1010 1206 tate
1026 1179 1074 1210 rei,
1095 1186 1146 1206 nec
1168 1179 1235 1206 satis
1259 1183 1387 1207 accurate
1410 1180 1462 1207 ista
1492 1181 1646 1216 conscripta
1674 1182 1741 1216 sint,

957 1225 1062 1252 veniam
1075 1225 1145 1254 detis
1159 1233 1254 1254 omnes
1269 1230 1369 1254 nostra:
1382 1226 1408 1253 in
1421 1226 1537 1254 dicendo
1554 1227 1743 1256 imbecillitati.

958 1271 1051 1299 Saluta
1068 1279 1174 1305 omnes,
1202 1272 1249 1306 qui
1270 1276 1359 1300 tecum
1375 1278 1449 1303 sunt.
1464 1273 1572 1300 fratres.
1589 1273 1627 1301 Te
1647 1282 1744 1302 omnes

956 1318 1003 1353 qui
1017 1318 1160 1345 nobiscum
1175 1321 1239 1345 sunt
1262 1318 1391 1346 salutant.
1413 1318 1511 1346 Salvus
1526 1319 1553 1346 in
1572 1320 1686 1349 Domino
1700 1321 1744 1348 vi-

957 1372 1017 1397 vas,
1032 1364 1128 1392 dilecte
1139 1369 1167 1391 et
1180 1371 1242 1392 vere
1252 1364 1434 1399 optatissime.

986 1523 1042 1568 £75)
1056 1523 1364 1568 Epiph._Gorhler.nFele.
1379 1525 1406 1559 Ι,
1424 1523 1648 1568 saansaan“.
1668 1526 1745 1561 Mox,

951 1560 1038 1589 ταῦτα
1065 1560 1142 1589 deest
1157 1563 1183 1588 in
1201 1562 1263 1595 Seg.
1280 1561 1392 1588 Gobler.
1406 1565 1432 1587 et
1446 1561 1519 1588 Felc.
1532 1560 1558 1587 1.

988 1598 1043 1634 (76)
1056 1597 1150 1634 Ερὶριι.
1162 1599 1194 1624 G.
1214 1597 1234 1623 ι.
1250 1597 1279 1623 S.
1296 1595 1461 1634 συγγνώμην
1475 1596 1547 1631 ἐχειν
1560 1596 1673 1628 πάντας.
1681 1597 1746 1634 lbi-

953 1632 1013 1660 dein
1027 1633 1077 1667 ipsi
1092 1633 1220 1659 omittunt
1238 1632 1440 1667 προσαγόρευε,
1456 1635 1522 1664 etc.,
1537 1639 1655 1667 quorum
1681 1632 1743 1660 loco

955 1667 1122 1704 Epiphanius
1136 1667 1217 1694 habet
1231 1667 1352 1702 ἔρρωσθε
1366 1671 1482 1694 tantum.

119 1752 1728 1771 _——_———_______.———_————s————__~

760 1827 1110 1875 ADMONITIO

510 1926 546 1958 ln
559 1924 733 1966 Epistoism
753 1924 854 1956 sancti
867 1922 1035 1955 Athanasii
1051 1922 1090 1954 ad
1114 1922 1321 1962 Adelphium.

922 2008 958 2015 ...-

147 2068 170 2097 1.
183 2066 325 2104 Adelphius
340 2066 400 2100 iste,
416 2069 490 2093 tomo
505 2065 539 2092 ad
552 2064 747 2096 Antiochenos,
767 2070 828 2098 pag.
844 2061 906 2095 619,
918 2060 1056 2104 episcopus
1079 2058 1215 2104 Qnupheos
1229 2057 1397 2104 Lychnorunt
1421 2062 1595 2104 memoratur,
1610 2065 1685 2104 quem
1708 2058 1740 2086 ab

111 2115 221 2142 Arianis
241 2102 270 2140 in
285 2113 408 2141 exsilium
420 2109 576 2138 Psinablam
591 2108 734 2136 Thebaidis
749 2108 860 2135 missum
874 2106 984 2140 legimus
1000 2103 1119 2131 Historia
1134 2102 1298 2130 Arianorum
1314 2102 1347 2130 ad
1358 2103 1519 2136 monachos,
1534 2111 1596 2138 pag.
1612 2103 1674 2136 306,
1693 2112 1744 2131 nu-

112 2169 184 2187 mero
198 2160 241 2191 72,
258 2164 283 2186 et
296 2158 427 2195 Apologia
441 2157 474 2184 de
491 2155 566 2191 fuga,
581 2163 643 2191 pag.
659 2154 724 2188 256,
738 2161 812 2181 num.
830 2153 857 2185 7,
874 2152 984 2186 hincque
997 2156 1036 2177 est
1050 2149 1119 2185 quod
1135 2148 1205 2176 idem
1221 2148 1249 2174 in
1263 2148 1375 2183 epistola
1390 2148 1468 2175 titulo
1482 2149 1661 2184 ὁμολογητὴς,
1674 2150 1745 2178 Con-

112 2205 202 2234 fessor
215 2207 323 2234 dicitur.
339 2205 373 2233 In
386 2207 437 2240 [ine
457 2203 577 2231 Hieracis
587 2201 743 2238 presbyteri,
756 2200 800 2227 cui
814 2205 838 2227 et
849 2199 904 2226 huic
916 2196 1053 2226 recitando
1067 2196 1149 2231 cupit,
1166 2195 1285 2222 meminit
1299 2195 1461 2224 Athanasius
1472 2206 1482 2229 ;
1497 2197 1521 2224 is
1535 2203 1624 2225 autem
1641 2198 1744 2226 videtur

111 2261 178 2287 esse,
196 2253 241 2288 qui
255 2257 279 2280 et
291 2253 356 2287 ipse,
371 2252 396 2279 vi
414 2252 583 2286 Arianorum,
595 2253 685 2279 eodem
708 2249 844 2277 exsulasse
867 2252 979 2282 tempore
997 2245 1062 2273 loris
1078 2244 1154 2271 modo
1173 2243 1291 2270 laudatis
1304 2244 1398 2279 fertur.
1420 2245 1525 2280 Scripta
1542 2251 1630 2273 autem
1641 2246 1744 2274 videtur

110 2301 226 2337 epistola
240 2302 344 2329 circiter
354 2309 453 2328 annum
466 2301 529 2334 571,
541 2309 592 2336 quo
608 2307 710 2335 nempe,
723 2298 871 2334 pullulante
886 2295 1048 2332 Apollinarii
1071 2293 1176 2324 haeresi,
1189 2293 1258 2320 varii
1280 2291 1465 2319 exoriebantur
1481 2293 1513 2318 de
1534 2291 1634 2319 Christi
1649 2290 1745 2319 Incor-

111 2348 220 2375 uutione
234 2356 345 2375 errores.
361 2347 434 2374 Nam
446 2347 540 2374 Ariani
554 2346 596 2373 hic
609 2345 759 2377 memorati,
779 2343 911 2379 impietati
932 2349 988 2370 sua;
1005 2341 1138 2376 pristinaz,
1153 2339 1245 2372 aliam,
1263 2345 1296 2365 ea:
1312 2337 1512 2372 Apollinarlstis
1527 2338 1595 2372 forte
1615 2338 1742 2371 mutuati,

111 2393 242 2428 adjecere.

150 2441 181 2469 ll.
198 2441 231 2468 1η
245 2441 372 2476 quosdam
382 2442 465 2477 igitur
479 2442 591 2469 Arianos
607 2440 707 2476 scripta
719 2443 768 2472 est,
784 2443 813 2466 ut
829 2440 879 2474 fert
891 2435 1039 2471 inscriptio,
1056 2434 1112 2471 qui,
1127 2438 1156 2461 ul
1171 2439 1277 2460 numero
1288 2433 1301 2460 1
1319 2437 1431 2460 “ﬂatur
1445 2433 1616 2466 Αῑίιαηαδίιιδ,
1630 2434 1745 2468 Ραεδίηι·

110 2499 162 2526 que
174 2491 250 2524 alibi,
266 2492 381 2526 primum
403 2488 481 2518 Verbi
495 2489 659 2517 divinitatem
678 2496 773 2523 negare
792 2485 858 2514 satis
877 2485 1034 2514 habuerunt,
1052 2481 1292 2532 sivi—tulaperuntque
1306 2480 1363 2514 ejus
1430 2487 1536 2532 carnem
1555 2480 1744 2532 adventum-se

111 2539 164 2565 rite
181 2546 329 2573 agnoscere,
345 2535 511 2572 postmodum
534 2545 593 2564 vero
613 2536 693 2570 impie
712 2541 814 2570 quoque
826 2534 857 2559 de
872 2531 1060 2559 lncarnatione
1080 2528 1188 2579 Domini
1207 2527 1502 2579 senserunt.'liomines
1517 2527 1606 2579 itaque
1619 2527 1742 2579 qulps‘lhic

110 2571 244 2620 oppugnat
256 2571 363 2612 sanctus
373 2585 475 2616 doctor,
492 2583 592 2611 Christi
605 2590 699 2616 corpus
716 2580 846 2623 negabant
858 2586 913 2623 esse
931 2575 1096 2623 adorandum
1113 2579 1122 2601 .‘
1136 2573 1174 2601 vel
1192 2574 1290 2623 potius,
1303 2577 1332 2600 ut
1344 2573 1456 2605 videtur,
1468 2572 1597 2607 negabant
1613 2580 1629 2598 (ι
1643 2571 1741 2623 Catho-

109 2618 172 2658 licis
183 2618 234 2658 rite
247 2638 321 2664 posse
331 2629 450 2662 adorari,
460 2627 505 2664 qui
518 2627 643 2654 nimirum
656 2625 788 2652 crederent
802 2621 915 2650 Verbum
922 2621 1065 2656 perfectam
1077 2620 1250 2653 assumpsisse
1259 2619 1401 2664 humanam
1412 2623 1546 2650 naturam,
1563 2618 1742 2664 corpus-scili-

110 2680 164 2709 cet,
179 2661 338 2711 mentemque
355 2661 507 2701 humanam.
524 2672 623 2700 Contra
638 2670 890 2704 Apollinaristarum
903 2667 980 2693 duces
991 2672 1068 2700 prave
1081 2665 1256 2712 opinabantur
1263 2663 1348 2690 solam
1358 2664 1500 2712 humanam
1516 2669 1621 2712 carnem
1633 2670 1649 2688 a
1661 2661 1743 2688 Verbo

110 2728 277 2759 assumptum
289 2708 353 2754 esse,
369 2723 456 2756 ipsum
472 2724 558 2748 autent
578 2717 689 2745 Verbum
705 2717 790 2742 instar
801 2713 897 2741 animle
912 2712 994 2747 fuisse
1007 2711 1122 2759 humano
1135 2709 1237 2743 corpori
1248 2718 1258 2736 :
1273 2718 1352 2759 quam
1366 2708 1396 2735 ob
1409 2715 1518 2759 causam
1530 2708 1678 2759 passionem
1689 2714 1744 2759 ere-

112 2752 220 2805 temque
233 2752 351 2796 humana
364 2752 452 2794 omnia
460 2768 487 2793 in
501 2766 557 2801 ejus
565 2761 755 2798 transferebant
763 2760 938 2787 divinitatem.
951 2757 995 2784 Ita
1004 2756 1080 2791 plane
1087 2755 1163 2782 docet
1171 2752 1637 2805 sanctusAthanasius-Orationibus
1648 2757 1740 2805 eontra

111 2800 319 2855 Apollinarium.
334 2817 409 2845 Idem
423 2800 547 2844 similiter
561 2812 657 2840 diserte
676 2809 765 2838 scribit
778 2807 918 2844 Gregorius
937 2805 1136 2837 Nazianzenus,
1151 2802 1262 2838 epistola
1278 2802 1337 2830 iud
1352 2801 1519 2835 Cledonium,
1530 2802 1570 2830 his
1583 2800 1667 2829 verbis
1676 2807 1691 2828 ':
1709 2800 1741 2826 Ei
