1954 3041
250 118 320 149 1071
549 116 578 143 S.
598 114 782 143 ATHANASII
802 114 877 141 OPP.
899 113 989 140 PARS
1009 113 1028 140 Ι.
1042 128 1076 133 -
1096 111 1280 140 HISTORICA
1300 112 1344 139 ET
1364 110 1573 140 DOGMATICA.
1794 113 1851 141 l0?!

254 177 304 213 μὲν
326 175 380 211 γὰρ
403 173 504 209 ἄψυχος
525 172 666 208 ἅνθρωπος
679 180 686 188 ·
702 172 780 198 τοῦτο
794 171 978 207 καὶἈρειανοὶ
995 171 1129 205 λέγουσιν,
1153 170 1186 196 ἵν’
1197 171 1244 197 ἐπὶ
1263 170 1312 206 τὴν
1327 170 1440 205 Θεότητα
1461 169 1491 196 τὸ
1507 169 1592 201 πάθος
1606 169 1758 203 ὲνέγκωσιν,
1769 169 1802 202 ὡς
1813 171 1852 198 τοῦ

253 221 388 253 κινοῦντος
408 221 438 247 τὺ
455 220 533 254 σῶμα
555 219 601 246 καὶ
618 218 713 245 τούτου
726 218 884 254 πάσχοντος.
906 217 973 244 Nam
993 217 1015 244 si
1034 217 1049 251 i1

1081 223 1090 243 ε
1103 215 1251 251 (Christus)
1264 216 1429 243 iuanimatus
1443 216 1524 244 homo
1541 221 1581 244 est
1595 224 1603 243 :
1617 217 1668 244 hoc
1684 217 1761 245 etiam
1774 217 1853 245 Ariani

252 268 338 300 aiunt,
353 271 381 294 ut
391 266 545 301 passionem
561 265 587 292 in
601 264 769 292 divinitatem
785 263 960 295 transferant,
977 266 1069 296 utpote
1087 269 1148 288 cum
1164 261 1189 288 id
1205 261 1278 296 quod
1296 265 1386 289 m0vet
1404 268 1515 296 corpus,
1533 261 1603 289 idem
1623 269 1730 297 quoque
1743 263 1853 297 patiatur.

286 314 329 342 ΙΙΙ.
346 313 451 341 Idcirco
469 317 556 340 autem
567 312 594 338 hi
609 311 735 347 lucifuga:
747 319 773 338 se
796 311 905 338 Verbum
916 311 1045 337 hominem
1058 309 1160 343 factum
1177 315 1245 336 recte
1261 310 1373 336 adorare
1386 309 1597 343 arbitrabantur,
1610 310 1679 344 quod
1698 313 1725 336 ut
1739 318 1797 337 sane
1814 319 1854 345 pu-

251 363 353 393 tabant,
365 361 460 388 animae
473 361 556 388 locum
581 360 688 388 Verburn
705 361 791 395 ipsum
806 359 943 386 obtineret.
958 357 1028 384 Nam
1040 358 1145 385 etiamsi
1162 357 1272 385 Verbum
1284 366 1338 384 rem
1352 362 1467 384 creatam
1483 356 1575 384 vellem
1590 364 1654 389 esse,
1673 356 1756 391 ipsum
1770 356 1855 383 nihilo-

250 408 337 435 minus
354 407 501 434 adorabant
514 416 523 434 :
540 407 606 435 unde
619 410 717 443 passim
735 408 788 434 illis
809 407 949 442 exprobrat
963 405 1135 438 Athanasius,
1153 406 1221 441 quod
1231 413 1283 432 rem
1300 411 1416 432 creatam
1432 405 1541 431 adorent
1559 404 1633 438 eique
1649 405 1770 438 serviant,
1783 409 1808 430 ut
1822 404 1855 431 hic

251 462 357 481 numero
374 455 396 482 Ι.
409 454 443 480 At
459 454 593 482 Christum
607 459 635 482 ut
651 455 782 482 hominem
801 453 929 489 negabant
953 453 1031 479 itdem
1045 453 1210 480 adorandum
1229 460 1294 484 esse,
1311 452 1344 484 si,
1372 457 1400 478 ut
1423 455 1480 479 erat
1509 451 1704 479 Catholicorum
1733 453 1855 484 seruantia,

249 500 380 535 perfectus
395 500 472 527 homo
481 506 565 533 esset;
588 506 665 535 atque
682 501 719 527 ita
733 499 931 535 intelligendum
959 503 1008 531 est,
1032 498 1100 533 quod
1118 506 1224 525 numero
1240 497 1256 524 7
1267 498 1304 524 ait
1318 502 1425 524 sanctus
1441 498 1542 534 doctor,
1560 500 1672 528 Arianae
1691 499 1822 529 Dominum
1835 501 1856 527 in

249 555 327 575 carne
341 552 467 583 tanquam
478 548 505 574 in
518 547 613 581 templo
627 547 794 573 emittentem
810 545 878 572 nolle
890 544 1013 571 adorare.

283 590 332 622 IV:
343 597 399 623 Hoc
414 603 446 622 επ
465 603 554 622 errore
566 594 611 622 ille
634 594 703 621 alius
723 593 823 620 videtur
837 600 983 624 emanasse.
996 599 1086 619 eorum
1102 599 1192 626 nempe
1210 591 1254 626 qui
1268 583 1377 618 carnem
1389 591 1492 619 Domini
1514 592 1697 627 conjunctione
1712 601 1768 620 cum
1787 591 1857 620 Verbo

248 639 395 667 increatam
413 640 513 674 factam
528 640 610 674 fuisse
622 640 822 668 existimabant.
841 639 941 674 Quippe
953 639 993 666 illi
1008 639 1042 665 ad

1081 639 1098 665 ti
1113 638 1287 673 defensionem
1301 639 1460 666 dictitabant
1475 640 1587 678 ;Ἡμεῖς
1597 642 1626 668 οὐ
1641 642 1773 677 κτίσματα
1787 650 1859 676 προσν

248 687 393 723 κυνοῦμεν,
410 687 465 715 Nos
480 694 536 715 rem
553 692 671 715 creatam
687 695 740 714 non
759 687 916 720 adoramus,
935 687 1048 722 iidemqu

1081 686 1222 714 Catholica;
1231 687 1398 721 appellabant
1414 687 1652 724 ἁνθρωπολάτρας,
1666 688 1777 722 duosque
1790 689 1818 714 ab
1828 689 1858 714 ei:

249 734 355 769 agnosci
369 733 454 761 Filios
480 735 722 769 calumniabantur,
736 735 805 770 quod
832 734 942 762 Verbum
963 735 1063 769 factum
1085 734 1214 761 hominem
1231 735 1374 770 perfectum
1391 735 1542 763 adorarent.
1561 735 1643 770 Cujus
1659 735 1760 771 quidem
1774 735 1859 762 erroris

248 779 450 814 fundamentum
462 779 511 806 hac
525 780 553 806 in
567 780 679 814 epistula
693 780 775 807 diruit
788 785 895 807 sanctus
915 779 1086 811 Athanasius,
1109 779 1136 805 in
1150 787 1202 815 qua
1213 779 1287 806 docet
1304 786 1327 807 et
1341 781 1508 808 adorandum
1522 789 1578 809 esse
1589 781 1688 809 Christi
1704 789 1802 816 corpus,
1816 783 1858 808 sive

249 825 384 853 Christum
399 826 540 859 hominem,
557 835 602 854 nec
614 827 652 853 ita
669 835 685 853 a
699 827 772 854 nobis
791 826 899 853 adorari
910 833 963 852 rem
978 830 1091 852 creatam
1102 844 1110 858 ,
1122 825 1167 851 sed
1186 824 1294 852 Verbum
1310 826 1440 853 hominem
1456 827 1557 862 factum
1577 835 1641 854 :ncc
1655 828 1723 854 enim
1733 827 1858 854 humanam

249 876 374 898 naturam
383 881 398 898 a
411 871 492 899 Verbo
507 876 682 908 separandum
695 884 760 908 esse,
774 881 803 903 ut
819 875 928 902 Verbum
942 873 1133 905 (πάθημα-μω
1143 873 1224 908 728
1235 873 1346 901 Verbum
1361 875 1446 909 forma
1457 875 1620 909 serui,quam
1628 877 1737 910 accepit,
1752 875 1858 902 indutum

248 917 339 945 debere
353 919 471 946 adorari.
486 919 546 952 Qua
561 929 624 949 sane
638 923 760 950 doctrina
772 927 797 950 et
814 922 969 949 Nestorium
987 925 1012 948 et
1028 919 1183 955 Eutychem,
1196 919 1270 956 longe
1289 926 1348 948 ante
1364 927 1438 949 ortas
1458 922 1575 957 ipsarum
1591 923 1715 955 haereses.
1728 923 1858 949 luculenter

248 965 428 994 condemnavit
439 974 449 994 :
466 966 618 996 Nestorium
632 971 746 1005 quidem,
765 978 824 997 cum
845 969 979 997 Christum
992 973 1068 1004 negat
1083 968 1110 995 in
1133 967 1185 994 duo
1200 976 1254 996 esse
1272 969 1440 998 diuidendum
1453 978 1462 998 .'
1477 970 1621 1005 Eutychem
1644 978 1715 1003 vero,
1731 976 1787 996 cum
1802 969 1858 996 inta-

248 1022 309 1050 grat
321 1023 352 1042 ac
362 1015 502 1044 distinctas
517 1022 604 1045 tuetur
623 1018 723 1046 Christi
739 1024 860 1046 naturas.

447 1141 561 1186 ΤΟΥ
588 1143 660 1187 ΕΝ
685 1143 867 1187 ΑΓΙΟΙΣ
887 1145 1104 1189 ΠΑΤΡοΣ
1132 1145 1294 1190 ΗΜΩΝ
1332 1145 1667 1191 ΑΘΑΝΑΣΙΟΥ.

746 1233 1039 1262 ΔΡΧΙΕΠΙΣΚΟΠυΥ
1057 1234 1340 1264 ΑΛΕΞΑΝΔΡΕΙΑΣ
1355 1236 1423 1272 (77),

385 1310 556 1340 ΕΠΙΣΤΟΛΗ
577 1313 668 1341 ΠΡΟΣ
691 1312 862 1341 ΔΔΕΛΦῙΟΝ
890 1313 1090 1342 ΕΠΙΣΚΟΠΟΝ
1112 1315 1175 1343 ΚΑΙ
1184 1315 1430 1350 οΜοΛοΓΗΤΗΝ.
1445 1316 1542 1345 ΚΑΤΑ
1557 1292 1744 1345 APElANmi.

705 1434 765 1493 S.
809 1437 872 1492 Ρ.
914 1437 985 1494 Ν.
1031 1437 1446 1500 ATHANASII.

799 1545 1062 1576 ARCHIEPISCOPI
1081 1547 1326 1581 ALEXANDRLE,

325 1625 533 1658 EPISTOLA
561 1626 617 1657 AD
640 1625 901 1661 ADELPHIUM
1190 1628 1248 1659 ET
1268 1626 1578 1660 CONFESSOREM
1588 1647 1597 1665 ,
1627 1626 1791 1660 CONTRA

288 1808 313 1837 Ι.
325 1807 457 1836 Perlectis
470 1807 514 1836 his
526 1815 587 1843 qua:
600 1815 615 1835 a
628 1811 672 1835 tua
690 1808 821 1844 religione
840 1809 940 1846 scripta
955 1815 1030 1844 sunt,
1045 1836 1049 1844 ,

1118 1811 1144 1838 1.
1168 1809 1339 1844 Ἐντυχόντες
1353 1809 1408 1840 τοῖς
1419 1807 1494 1844 παρὰ
1507 1808 1558 1844 τῆς
1567 1808 1619 1844 σῆς
1629 1807 1783 1839 θεοσεϐείας
1799 1815 1855 1842 γρα-

248 1859 325 1883 tuam
338 1854 446 1890 quidem
463 1854 490 1882 in
513 1853 653 1882 Christum
676 1854 803 1889 pietatem
817 1863 879 1883 vere
897 1857 1030 1892 approba-

1084 1858 1168 1892 φεῖσι,
1176 1855 1224 1891 τὴν
1235 1856 1283 1890 μὲν
1294 1854 1342 1890 σὴν
1360 1854 1400 1885 εἰς
1414 1854 1530 1889 Χριστὸν
1545 1853 1688 1881 εὐσέϐειαν
1698 1853 1800 1890 ἀληθῶς
1812 1853 1855 1879 ἀπ-

249 1900 349 1932 vimus,
374 1899 521 1934 laudesque
540 1899 595 1927 Deo
609 1899 743 1935 imprimis
763 1901 958 1935 persolvimus,
982 1901 1030 1937 qui

1083 1902 1241 1938 εδεξάμεῢα,
1249 1902 1296 1928 καὶ
1300 1901 1344 1927 τὸν
1353 1901 1402 1936 μὲν
1407 1900 1471 1928 Θεὸν
1478 1901 1691 1937 προηγουμένως
1698 1902 1855 1936 ὲδοξάσαμεν,

249 1946 298 1974 tibi
311 1945 466 1981 huiusmodi
480 1949 522 1972 est
531 1945 644 1979 largitus
659 1946 785 1981 gratiam,
799 1951 828 1974 ut
841 1951 868 1974 et
884 1952 956 1975 recte
968 1955 1031 1976 sen-

249 1991 325 2025 tires,
337 1998 387 2018 nec
399 1989 498 2018 diaboli
507 1990 626 2022 fraudes,
637 1995 769 2026 quantum
785 1992 855 2020 scire
866 1992 939 2026 licet,
955 1993 1032 2029 igno-

249 2044 343 2065 rares:
357 2044 411 2064 non
427 2036 566 2071 potuimus
578 2044 643 2064 vero
657 2044 711 2064 non
727 2037 857 2066 admirari
872 2046 1030 2073 perversum

249 2083 439 2111 haereticorum
454 2082 587 2114 animum,
604 2082 652 2117 qui
672 2083 739 2110 adeo
754 2083 783 2111 in
803 2083 967 2118 profundum
980 2085 1031 2113 im-

248 2128 357 2163 pietatis
371 2127 488 2154 demersi
503 2130 577 2160 sunt,
597 2131 628 2154 ut
647 2127 750 2154 nullum
767 2127 825 2163 jam
840 2136 950 2157 sensum
965 2137 1031 2157 con-

249 2178 370 2206 servent,
381 2173 429 2201 sed
442 2177 598 2208 corruptam
610 2173 684 2200 omni
695 2181 729 2201 ex
739 2179 815 2208 parte
825 2174 942 2202 habeant
955 2183 1031 2202 men-

250 2223 316 2247 tem.
336 2219 415 2246 Certe
432 2218 587 2253 hujusmodi
612 2217 718 2246 facinus
734 2210 871 2246 diabolum
891 2223 1029 2247 auctorem

249 2266 342 2299 habet,
357 2270 451 2300 estque
466 2265 500 2292 ad
518 2264 703 2299 improborum
724 2264 901 2292 imitationem
924 2264 1031 2293 Judzeo-

248 2320 321 2340 rum.
330 2311 399 2339 Nam
410 2316 440 2339 ut
450 2311 489 2338 illi
501 2310 621 2345 undique
633 2311 890 2344 convicti,rationes
899 2312 1030 2340 adversus

248 2359 355 2393 seipsos
366 2357 566 2393 excogitabant,
578 2364 611 2384 eo
625 2361 730 2384 tantum
748 2361 779 2384 ut
791 2356 935 2385 Dominum
952 2365 1030 2394 nega-

247 2409 319 2438 rent,
335 2409 363 2432 et
373 2412 434 2440 qua:
448 2403 575 2440 praedicta
598 2409 662 2432 sunt
678 2404 704 2431 in
723 2404 827 2439 seipsos
838 2405 1028 2433 attraherent:

248 2452 289 2480 sic
299 2456 327 2478 et
336 2452 382 2480 isti
398 2459 458 2480 cum
472 2459 502 2479 se
515 2451 636 2486 undique
650 2451 749 2483 notari,
761 2458 894 2486 suamque
904 2451 1028 2479 haeresim

1083 1948 1216 1976 δεδωκότα
1232 1955 1272 1973 σοι
1287 1945 1335 1981 τὴν
1354 1946 1480 1982 τοιαύτην
1492 1947 1581 1982 χάριν,
1596 1945 1669 1973 ὥστε
1682 1948 1729 1974 καὶ
1743 1946 1789 1982 τὴν
1802 1944 1855 1980 φρό-

1083 2002 1159 2030 νησιν
1182 1993 1253 2028 ἔχειν
1269 1992 1351 2028 ὀρθὴν
1363 2011 1370 2024 ,
1382 1992 1429 2019 καὶ
1445 1992 1482 2027 μὴ
1505 1991 1612 2026 ἀγνοεῖν
1629 1992 1703 2019 κατὰ
1715 1992 1746 2019 τὺ
1760 1991 1855 2019 δυνατὸν

1082 2038 1130 2070 τὰς
1147 2037 1289 2074 μεθοδείας
1304 2036 1352 2063 τοῦ
1368 2036 1489 2063 διαϐόλου
1499 2044 1506 2052 ’
1527 2036 1577 2072 τὴν
1591 2036 1620 2063 δὲ
1646 2037 1702 2064 τῶν
1728 2035 1855 2073 uigeatqu

1083 2085 1225 2112 κακόνοιαν
1247 2083 1456 2119 ἐθαυμάσαμεν,
1487 2082 1651 2119 Θεωροῦντες
1671 2084 1730 2116 πῶς
1747 2083 1856 2111 τοσοῦτον

1083 2131 1123 2162 εἰς
1137 2130 1262 2161 ἀσεϐείας
1280 2129 1414 2165 βάραθρον
1427 2128 1618 2162 πεπτώκασιν,
1634 2129 1673 2162 ὡς
1691 2130 1786 2166 μηκέτι
1801 2127 1856 2164 μηδὲ

1082 2176 1132 2208 τὰς
1147 2175 1286 2211 αἰσθήσεις
1303 2174 1414 2209 σώζειν,
1435 2175 1501 2203 ἀλλὰ
1520 2176 1689 2211 πανταχόθεν
1709 2174 1856 2211 διεφθαρμέ-

1083 2230 1131 2257 νην
1146 2221 1218 2257 ἔχειν
1233 2221 1282 2257 τὴν
1293 2221 1420 2248 διάνοιαν.
1436 2222 1520 2248 Τοῦτο
1535 2222 1564 2249 δὲ
1582 2222 1612 2248 τὸ
1628 2222 1794 2258 ἐπιχείρημα
1811 2221 1858 2247 δια-

1083 2267 1159 2295 Solon
1176 2267 1225 2303 μέν
1246 2269 1319 2294 ἐστιν
1336 2267 1470 2303 ι“ιποὸολὴ,
1491 2267 1545 2295 τῶν
1567 2267 1596 2294 δὲ
1616 2268 1781 2304 παρανόμων
1805 2267 1858 2292 Ἰου-

1082 2313 1162 2340 δαίων
1187 2314 1312 2349 μίμησις.
1342 2313 1447 2350 Ὠσπερ
1473 2313 1528 2349 γὰρ
1552 2315 1669 2346 ἐκεῖνοι,
1703 2312 1857 2349 πανταχόθεν

1082 2359 1271 2394 ἐλεγχόμενοι,
1290 2359 1441 2394 προφάσεις
1463 2359 1590 2386 ἐπενόουν
1608 2359 1805 2390 καθἠὲαυτῶν,
1821 2357 1857 2383 ἵνα

1084 2405 1161 2441 μόνον
1175 2405 1219 2432 τδν
1234 2405 1334 2441 Κύριον
1348 2406 1529 2441 ἀρνήσωνται,
1543 2406 1590 2432 καὶ
1605 2405 1638 2432 τὰ
1649 2403 1857 2441 προφητευθέντα

1082 2450 1143 2478 καθ’
1158 2451 1263 2479 ἑαυτῶν
1286 2451 1504 2478 ἐπισπάσωνται·
1532 2453 1577 2479 τὸν
1597 2452 1678 2478 αὐτὸν
1703 2452 1799 2487 τρόπον
1817 2447 1857 2476 καὶ

247 2497 376 2526 omnibus
399 2497 593 2525 exsecrandam
616 2504 677 2524 esse
691 2497 802 2530 vident,
820 2504 879 2524 sese
894 2497 1027 2524 scelerum
1044 2495 1049 2523 l

1081 2492 1162 2529 οὗτοι,
1177 2495 1342 2532 θεωροῦντες
1360 2498 1473 2530 ἑαυτοὺς
1489 2497 1659 2533 πανταχόθεν
1679 2494 1857 2533 στηλιτευομέ-

247 2547 374 2571 auctores
388 2550 442 2571 non
456 2548 583 2571 verentur
599 2542 704 2576 lacere;
721 2547 751 2570 ut
769 2548 864 2570 contra
886 2543 1026 2571 veritatem

246 2595 368 2624 pugnare
383 2595 437 2615 non
459 2588 630 2621 desistentes,
647 2595 710 2615 vere
733 2587 835 2615 Christi
855 2588 947 2615 hostes
964 2595 1027 2623 per-

247 2638 385 2662 maneant.
401 2633 480 2662 Unde
495 2633 567 2661 enim
588 2634 641 2662 illis
658 2633 683 2661 id
698 2638 822 2661 exortum
844 2634 945 2662 malum
964 2634 1026 2662 est?

279 2712 339 2754 Q7)
357 2713 463 2754 Scripta
479 2721 551 2754 anno
559 2713 668 2754 circiter
685 2712 898 2754 51LTSeguer.
912 2712 962 2754 τοῦ
978 2713 1026 2754 at»

247 2748 294 2785 τοῦ
305 2749 432 2784 ἐπιστολὴ
445 2750 582 2785 γραφεῖσα
603 2748 681 2784 πρός.
704 2748 784 2776 anil.
807 2754 833 2777 et
851 2748 957 2784 Anglic.
975 2748 1023 2776 ad-

247 2782 316 2812 dunt
329 2782 606 2820 ειυοιιιιὲίὴραφεῐσα.

1079 2551 1151 2575 νους,
1168 2543 1215 2569 καὶ
1232 2542 1374 2577 βλέποντες
1389 2544 1538 2579 γενομένην
1550 2544 1605 2579 (78)
1621 2543 1769 2579 βδελυκτὴν
1790 2539 1856 2576 παρὰ

1079 2589 1147 2616 πᾶσι
1161 2588 1210 2624 τὴν
1224 2589 1327 2624 αἵρεσιν
1343 2589 1442 2623 αὐτῶν,
1463 2591 1606 2626 ὲφευρεταὶ
1628 2590 1748 2624 γίνονται
1763 2587 1854 2616 κακῶν,

1079 2635 1122 2663 ἵνα
1130 2635 1180 2671 μὴί
1190 2635 1339 2671 παυόμενοι
1347 2637 1406 2668 ταῖς
1417 2636 1484 2672 πρὸς
1492 2636 1541 2673 τὴν
1549 2636 1678 2672 ἀλήθειαν
1690 2636 1786 2673 μάχαις
1796 2632 1853 2668 (79)»

1117 2713 1173 2750 (78)
1185 2714 1312 2750 δίιμεν..
1325 2715 1478 2750 γινομένην.

1114 2749 1170 2785 (79)
1184 2749 1263 2778 Forte
1276 2751 1326 2785 τῆς
1343 2749 1443 2786 μάχης.
