1954 3041
88 172 160 201 1075

566 175 737 203 EPISTOLA
757 175 803 202 AD
823 174 1024 203 ADELPHIUM
1044 173 1250 204 EPISCOPUM.

1636 170 1701 200 1071

86 233 194 269 ἀληθῶς
213 235 394 270 Χριστομάχοι
417 235 584 270 διαμείνωσι.
609 236 694 264 Πόθεν
713 236 767 271 γὰρ
783 238 874 268 αὐτοῖς

931 236 976 270 Qui
991 237 1102 264 omnino
1121 244 1218 264 novam
1238 236 1308 263 hanc
1321 233 1484 262 calumniam
1500 237 1594 262 contra
1609 231 1703 260 Salva-

87 279 168 307 ἀνέδυ
183 279 229 307 καὶ
249 280 327 306 τοῦτο
345 281 376 307 τὺ
399 281 500 314 κακόν;
525 281 586 313 Πῶς
603 281 670 313 ὅλως
693 282 877 317 τετολμήκασι

86 325 136 361 τὴν
150 325 246 361 καινὴν
262 326 363 361 ταύτην
379 326 532 362 δυσφημίαν
553 327 720 362 φθέγξασθαι
743 327 814 355 κατὰ
830 327 876 354 τοῦ

86 370 227 405 Σωτῆροςς
244 370 312 402 ἀλλ’,
326 371 364 403 ὡς
378 371 460 403 ἔοικε,
471 373 589 408 πονηρὸν
603 373 617 399 ὁ
631 373 741 409 ἀσεϐὴς,
758 373 804 400 καὶ
820 373 878 400 ἁδό-

86 415 231 451 κιμος(80)
243 415 328 448 ὅντως
340 417 404 452 περὶ
417 416 465 453 τὴν
480 417 581 444 πίστιν.
595 418 731 454 Πρότερον
747 418 811 453 γὰρ,
825 418 875 453 ἀρ-

85 462 211 498 νούμενοι
223 463 272 498 τὴν
288 463 403 498 θεότητα
418 464 464 490 τοῦ
479 463 637 499 μονογενοῦς
653 464 717 491 Υίοῦ
738 464 785 491 τοῦ
797 464 876 496 Θεοῦ,

85 508 264 544 ὑπεκρίνοντο
281 508 334 535 κᾶν
347 509 396 544 τὴν
408 509 538 545 ἕνσαρκον
555 509 638 536 αὐτοῦ
651 510 801 546 παρουσίαν
817 511 876 536 ἐπι-

85 553 244 589 γινώσκειν·
271 554 318 581 νῦν
341 554 380 586 δὲ,
411 554 470 581 κατ’
490 555 577 589 ὀλίγον
602 555 874 588 ὑποκαταϐαίνοντες,

85 598 219 632 ἐξέπεσαν
233 599 279 626 καὶ
289 599 390 634 ταύτης
405 599 493 626 αὐτῶν
512 600 561 635 τῆς
572 600 695 636 οἰήσεως,
712 600 760 627 καὶ
770 608 874 627 παντα-

85 645 164 680 χόθεν
174 644 248 672 ἄθεοι
261 645 414 680 γεγόνασιν,
428 645 497 672 ὥστε
514 646 582 681 μήτε
601 646 666 672 Θεὸν
683 645 764 673 αὐτὸν
786 647 876 681 ὲπιγι-

85 689 219 723 νώσκειν,
238 691 300 727 μήθ’
324 691 364 718 ὅτι
385 690 528 727 ἄνθρωπος
551 691 645 725 γέγονε
672 691 819 718 πιστεύειν.
844 692 876 718 Et

85 736 139 772 γὰρ
150 736 301 769 ἐπίστευον,
317 737 367 763 οὐκ
381 736 413 763 ἂν
427 736 538 762 τοιαῦτα
553 736 726 770 ἐφθέγξαντο,
739 734 783 764 οἷα
797 736 876 773 ἔγρα-

85 781 135 816 ψεν
149 782 165 817 ἡ
180 781 213 817 σὴ
230 781 369 808 θεοσέϐεια
386 782 445 808 κατ’
460 781 559 808 αὐτῶν.

121 827 148 854 2.
161 827 197 853 Σὺ
216 827 264 862 μὲν
279 825 335 859 οὖν,
357 827 483 862 ἀγαπητὲ
507 827 553 854 καὶ
567 826 622 862 (81)
637 826 743 862 ἀληθῶς
760 826 875 854 ποθεινό-

86 879 161 903 τατε,
177 872 316 907 πρέποντα
330 873 363 907 τῇ
379 872 591 907 ὲκκλησιαστικῇ
618 871 765 907 παραδόσει
780 872 827 898 καὶ
842 873 873 906 τῇ

86 918 127 949 εἰς
147 917 192 943 τδν
210 917 309 953 Κύριον
335 917 460 953 εὐσεϐείᾳ
485 917 653 953 πεποίηκας,
677 917 807 951 ἐλέγξας,
829 917 875 944 καὶ
891 908 911 936 Β

87 959 254 1000 παρείινὲσας
276 964 322 990 καὶ
347 964 514 999 ἐπιτιμήσας
537 965 593 994 τοῖς
614 962 757 994 τοιούτοις·
783 963 876 998 ἐπειδὴ

86 1009 124 1041 δὲ,
143 1008 356 1044 παροξυνόμενοι
376 1008 451 1044 παρὰ
467 1008 514 1035 τοῦ
530 1009 631 1044 πατρὸς
650 1008 740 1035 αὐτῶν
759 1008 806 1035 τοῦ
820 1008 877 1035 δια-

86 1055 175 1087 ξ’)όλου⁴
188 1055 243 1081 οὐκ
261 1054 413 1089 ἔγνωσαν,
430 1054 501 1081 οὐδὲ
519 1054 674 1089 συνῆκαν,
697 1055 765 1081 κατὰ
782 1055 811 1081 τὸ
829 1063 876 1089 γε-

86 1100 259 1135 γραμμένον,
281 1099 349 1127 ἀλλὰ
371 1100 406 1126 ἐν
425 1101 526 1127 σκότει
550 1100 790 1134 διαπορεύονται·
812 1108 878 1135 μαν-

87 1146 241 1172 θανέτωσαν
267 1145 343 1180 παρὰ
368 1146 418 1181 τῆς
438 1146 487 1181 σῆς
503 1145 659 1178 εὐλαϐείας,
674 1145 712 1177 ὡς
736 1147 753 1181 ἡ
765 1146 876 1181 τοιαύτη

87 1191 176 1218 αὐτῶν
202 1191 330 1218 κακόνοια
361 1191 535 1218 Οὐαλεντίνου
565 1191 612 1218 καὶ
641 1191 803 1226 Μαρκίωνος
831 1191 878 1218 καὶ

87 1238 237 1273 Μανιχαίου
251 1238 306 1273 (82)
319 1238 392 1265 ἐστίν
402 1246 409 1253 ·
428 1234 465 1264 ὦν
475 1239 499 1264 οἱ
516 1238 565 1273 μὲν
582 1237 641 1265 ἀντὶ
660 1237 787 1273 ἀληθείας
803 1237 879 1272 δόκη,

89 1293 130 1313 σιν
147 1285 327 1321 εἰσηγήσαντο
337 1304 345 1316 ,
359 1285 384 1310 οῑ
400 1283 428 1310 δὲ
445 1283 613 1319 διαιροῦντες
623 1284 657 1310 τὰ
671 1283 809 1319 ἀδιαίρετα
826 1284 877 1319 ἡρ-

89 1332 203 1367 νήσαντο
218 1331 258 1362 τὸ,
281 1331 312 1358 ⁸ο
327 1331 423 1366 Λόγος
437 1330 515 1365 σὰρξ
525 1330 642 1365 ἐγένετο
652 1349 659 1362 ,
675 1329 725 1356 καὶ
743 1328 878 1363 ἐσκήνω-

88 1385 145 1404 σεν
159 1376 287 1411 ἐνήμῖν.
312 1377 362 1403 Διὰ
384 1376 410 1404 τί
426 1374 490 1409 οὖν,
519 1377 553 1404 τὰ
578 1376 679 1403 τούτων
706 1376 876 1412 φρονοῦντες,

88 1423 149 1458 οὐχὶ
166 1423 211 1449 καὶ
228 1422 281 1449 τῶν
298 1423 437 1458 ὀνομάτων
454 1422 543 1450 αὐτῶν
559 1422 678 1457 γίνονται
696 1423 876 1458 κληρονόμοι;

89 1469 207 1503 Εΰλογον
220 1469 276 1505 γὰρ
286 1465 323 1496 ὧν
338 1469 387 1504 τὴν
407 1468 565 1500 κακοδοξίαν
581 1468 681 1503 ἔχουσι,
693 1467 794 1495 τούτων
805 1468 877 1503 ἔχειν

90 1514 184 1542 καὶτὰ
203 1515 321 1550 ὀνόματα
340 1515 408 1550 (83),
425 1515 469 1541 ἵνα
494 1514 585 1540 λοιπὸν
602 1514 815 1541 Οὐαλεντινιανοὶ
831 1514 878 1542 καὶ

89 1560 297 1596 Παρκιωνισταὶ
323 1561 370 1588 καὶ
394 1561 536 1595 Μανιχαῖοι
563 1560 708 1588 καλῶνται.
733 1561 808 1596 Τάχα
825 1561 877 1588 κᾶν

89 1604 175 1636 οὕτως
187 1604 230 1631 διὰ
240 1605 288 1640 τὴν
302 1605 355 1632 τῶν
381 1605 518 1640 ὀνομάτων
535 1605 666 1632 δυσωδίαν
687 1605 874 1641 αἰσχυνόμενοι

90 1652 253 1686 κατανοῆσαι
269 1652 416 1688 δυνηθῶσιν
429 1673 436 1684 ,
450 1653 489 1683 είς
503 1653 564 1679 ὅσον
583 1652 663 1687 βάθος
686 1652 812 1684 ἀσεϐείας
829 1661 877 1679 πε-

90 1696 224 1725 πτώκασι.
240 1698 294 1724 Καὶ
310 1695 344 1733 ἦν
360 1697 408 1732 μὲν
416 1697 519 1724 δίκαιον
533 1698 630 1732 μηκέτι
645 1697 747 1730 τούτοις
761 1697 876 1733 ἀποκρί-

90 1741 195 1774 νασθαι,
204 1742 274 1769 κατὰ
281 1743 329 1778 τὴν
342 1742 500 1778 παραίνεσιν
507 1742 553 1778 τὴν
565 1742 744 1778 ἁποστολικήν
755 1752 762 1758 ·
772 1742 824 1778 (84)
833 1743 877 1770 Al-

86 1788 207 1823 petmor
224 1787 379 1822 ἄνθρωπον
397 1788 472 1823 μετὰ
488 1789 561 1822 μίαν
581 1789 629 1815 καὶ
646 1788 789 1822 δευτέραν
808 1797 877 1816 νου-

90 1834 196 1861 θεσίαν
204 1834 358 1868 παραιτοῦ,
374 1833 469 1866 εἰδὼς,
485 1833 528 1860 ὅτι
539 1833 734 1868 ἐξέστραπται
750 1836 766 1861 ὀ
782 1834 877 1861 τοιοῦ-

91 1889 142 1913 τος
155 1899 162 1912 ,
176 1881 225 1907 καὶ
242 1880 401 1914 ἁμαρτάνει
420 1880 462 1906 ὠν
478 1879 726 1914 αὐτοκατάκριτος
739 1889 745 1895 ·
761 1880 878 1915 μάλιστα

91 1925 132 1952 ³ὗλιτι
148 1925 194 1952 καὶ
206 1925 261 1960 (85)
277 1927 291 1952 ό
313 1926 456 1961 προφήτης
478 1926 543 1961 περὶ
560 1925 614 1952 τῶν
630 1926 758 1953 τοιούτων
778 1927 876 1961 φησίν·

96 1970 129 1998 ’0
138 1972 237 2007 μωρὸς
247 1973 329 2006 μωρὰ
338 1973 479 2006 λαλήσει,
495 1973 543 1999 καὶ
558 1973 577 2006 ἡ
596 1973 703 2006 καρδία
716 1973 810 2000 αὐτοῦ
826 1973 882 2008 μά-

91 2018 271 2053 τωιανοήσει
282 2028 288 2034 ·
304 2019 396 2054 ἐπειδὴ
408 2019 437 2045 δὲ
448 2019 503 2053 (86)
521 2019 591 2046 κατὰ
607 2019 651 2046 τὸν
670 2019 820 2054 ἡγούμενον
836 2019 882 2046 αὑ-

90 2064 146 2090 τῶν
164 2064 353 2100 περιέρχονται
366 2064 412 2090 καὶ
431 2065 517 2096 αὐτοὶ,
538 2064 575 2097 ὡς
591 2065 711 2097 λέοντες,
737 2064 880 2100 ζητοῦντες

89 2109 151 2137 τίνα
165 2109 318 2137 καταπίωσι
333 2110 386 2137 τῶν
404 2111 558 2146 ἀκεραίων·
577 2110 672 2138 τούτου
692 2111 784 2137 ἕνεκεν
801 2111 882 2145 ἀναγ-

92 2157 168 2182 καῖον
181 2155 290 2190 γέγονεν
305 2157 370 2191 ἡμῖν
381 2158 414 2192 τῇ
431 2158 462 2192 σῇ
487 2157 614 2193 εὐλαϐείᾳ
625 2157 805 2192 ἀντιγράψαι,
825 2157 878 2186 ἵνα.

927 288 1012 310 torem
1026 282 1146 318 proferre
1157 281 1216 309 ausi
1230 281 1312 309 sunt?
1329 280 1392 313 Sed,
1406 285 1435 308 ut
1446 280 1555 315 planum
1569 284 1620 312 est,
1633 279 1703 306 mala

927 336 972 355 res
1002 333 1044 356 est
1059 328 1168 362 impius.
1189 335 1221 355 ac
1238 335 1330 355 revera
1346 327 1477 361 reprobus
1494 326 1564 353 circa
1575 325 1654 352 tidem
1669 325 1702 352 τ’.

927 372 1047 400 Primum
1065 373 1136 400 enim
1153 376 1248 407 negata
1270 372 1400 406 unigeniti
1412 370 1472 398 Filii
1489 369 1536 398 Dei
1551 370 1702 402 divinitate,

926 417 985 452 ejus
996 417 1090 444 saltem
1105 424 1264 452 corporeum
1276 416 1420 444 adventum
1435 422 1582 450 agnoscere
1591 415 1704 442 simula-

925 467 1023 490 verunt
1035 472 1043 490 :
1059 470 1130 490 nunc
1143 468 1230 490 autem
1246 462 1375 498 paulatim
1391 461 1505 496 delapsi,
1517 461 1586 488 hanc
1595 468 1704 495 quoque

926 507 1103 542 repudiarunt
1118 507 1290 540 sententiam,
1304 511 1385 542 atque
1399 507 1472 534 omni
1488 514 1521 533 ex
1538 510 1615 541 parte
1631 505 1702 533 athei

925 552 989 581 facti
1007 557 1080 585 sunt.
1096 557 1125 580 ut
1138 553 1227 588 ipsum
1246 560 1333 588 neque
1344 556 1493 588 agnoscant
1507 551 1602 583 Deum,
1616 559 1704 586 neque

925 599 1062 626 hominem
1076 597 1177 626 factum
1189 606 1251 627 esse
1264 598 1384 626 credant.
1399 597 1466 625 Nam
1478 598 1500 625 si
1513 597 1662 630 crederent.
1672 605 1703 629 ea

925 652 990 672 sane
1012 644 1095 672 locuti
1116 652 1170 672 non
1185 644 1311 675 fuissent.
1326 651 1386 673 oua:
1407 648 1454 672 tua
1474 643 1559 680 pietas
1574 643 1704 672 adversus

925 691 999 726 ipsos
1014 691 1131 727 scripsit.

958 831 986 858 2.
1006 830 1047 858 Tu
1071 831 1171 867 igitur,
1186 830 1282 859 dilecte
1304 835 1332 859 et
1351 837 1413 859 vere
1431 830 1620 866 optatissime,
1646 838 1703 858 rem

924 875 1115 904 ecclesiastica:
1139 876 1276 904 traditioni
1299 881 1326 904 et
1351 876 1452 904 Christi
1482 876 1606 911 religioni
1628 876 1706 904 valde

925 926 1136 948 consentaneum
1154 921 1282 956 peregisti
1295 940 1303 954 ,
1321 928 1382 948 cum
1403 920 1559 956 huiusmodi
1582 920 1705 948 homines

925 965 1059 998 refutasti,
1076 965 1206 998 invitasti,
1220 966 1380 1001 objurgasti.
1394 965 1508 999 Quando
1521 973 1585 993 vero
1598 966 1705 994 diabolo

925 1012 1045 1047 ipsorum
1074 1016 1149 1047 patre
1169 1011 1336 1047 impellente,
1355 1011 1511 1044 nescierunt,
1527 1020 1607 1046 neque
1628 1011 1706 1038 intel-

925 1057 1055 1091 lexerunt,
1069 1058 1109 1086 uti
1120 1057 1249 1092 scriptum
1264 1061 1307 1085 est
1317 1057 1340 1073 '°
1350 1059 1369 1090 ',
1385 1056 1432 1085 scd
1449 1057 1475 1084 in
1489 1057 1601 1084 tenebris
1611 1056 1706 1084 ambu-

927 1104 999 1136 tunt;
1016 1103 1123 1131 discant
1145 1111 1161 1130 a
1187 1108 1232 1131 tua
1257 1103 1356 1138 pietate
1379 1109 1488 1138 pravam
1511 1109 1570 1130 eam
1598 1102 1705 1129 illorum

927 1149 1100 1182 sententiam,
1117 1149 1262 1182 Valentini,
1278 1148 1423 1177 Marcionis
1437 1153 1465 1176 et
1478 1147 1619 1176 Manichati
1635 1154 1705 1179 esse.

926 1203 1042 1231 quorum
1053 1196 1099 1223 alii
1117 1203 1165 1230 pro
1179 1195 1291 1223 veritate
1304 1202 1406 1222 meram
1419 1194 1536 1229 speciem
1558 1194 1701 1226 induxere,

927 1241 972 1268 alii
988 1240 1126 1268 individua
1139 1241 1304 1274 dividentes,
1318 1240 1383 1268 illud
1401 1238 1547 1275 Scriptum
1564 1247 1706 1272 negavere,

932 1284 1043 1312 Verbum
1052 1293 1114 1312 caro
1125 1285 1225 1320 factum
1236 1290 1274 1314 eu
1284 1291 1309 1314 et
1319 1286 1445 1313 habitavit
1457 1286 1483 1313 in
1493 1285 1566 1313 nobis
1575 1286 1607 1314 ⁸¹.
1618 1285 1708 1319 Quare

927 1331 1010 1366 igitur
1023 1339 1085 1360 cum
1101 1332 1194 1360 cadent
1207 1339 1268 1367 quae
1284 1332 1322 1359 illi
1342 1333 1470 1364 sentiant,
1484 1331 1641 1360 earumdem
1657 1339 1708 1359 no-

928 1376 1032 1403 minum
1046 1376 1166 1405 heredes
1176 1385 1229 1405 non
1246 1377 1331 1405 ﬁunt?
1347 1376 1486 1412 Siquidem
1501 1385 1608 1412 aequum
1620 1381 1662 1405 est
1673 1377 1707 1404 il-

928 1422 969 1450 los
985 1422 1106 1458 ipsorum
1118 1423 1208 1450 vocari
1223 1423 1342 1456 nomine,
1359 1429 1474 1458 quorum
1489 1429 1645 1458 perversam
1665 1429 1710 1450 se-

928 1472 1050 1503 quuntur
1068 1468 1240 1502 sententiam,
1255 1473 1284 1496 ut
1295 1468 1350 1504 jam
1365 1469 1491 1504 deinceps
1507 1467 1704 1500 Valentiniani.

928 1514 1108 1542 Ilarcionistaa
1121 1519 1149 1542 et
1161 1514 1297 1542 Manichaci
1309 1514 1470 1542 vocitentur.
1489 1513 1569 1542 Forte
1582 1513 1654 1541 enim
1673 1513 1710 1541 ob

891 1574 912 1604 ο
930 1559 1037 1587 illorum
1049 1559 1188 1587 nominum
1212 1559 1352 1587 infamiam
1371 1559 1572 1591 erubescentes.
1586 1558 1709 1586 animad-

929 1611 1032 1634 vertere
1046 1610 1173 1642 polerunt
1189 1606 1215 1633 in
1232 1610 1363 1641 quantum
1381 1605 1526 1640 impietatis
1543 1603 1708 1639 profundum

928 1653 1084 1680 ceciderint.
1103 1652 1155 1680 Par
1174 1659 1240 1680 sane
1263 1651 1359 1679 fuisset
1375 1651 1442 1678 nihil
1459 1651 1576 1686 amplius
1598 1650 1652 1678 illis
1666 1657 1710 1677 re-

929 1698 1071 1733 spondere,
1080 1699 1118 1726 uti
1135 1698 1279 1733 Apostolus
1287 1697 1327 1725 his
1337 1697 1424 1725 verbis
1431 1703 1523 1724 monet
1533 1705 1540 1723 :
1550 1696 1709 1724 Hareticum

930 1744 1059 1771 hominem
1071 1748 1128 1778 post
1140 1752 1219 1770 unam
1233 1748 1258 1770 et
1272 1742 1411 1770 secundum
1427 1742 1508 1778 729
1522 1742 1711 1777 correptionem

930 1790 1028 1819 devita.
1044 1790 1127 1816 sciens
1140 1790 1202 1825 quia
1214 1789 1350 1816 subversas
1369 1794 1407 1816 est
1425 1790 1469 1823 qui
1483 1788 1611 1823 ejusmodi
1623 1792 1671 1820 est,
1686 1792 1711 1814 et

929 1835 1055 1869 delinquit
1075 1842 1134 1861 cum
1159 1835 1193 1861 sit
1212 1842 1241 1862 eo
1260 1835 1316 1868 ipso
1335 1833 1521 1860 condemnatus
1535 1832 1577 1859 ⁸²;
1595 1831 1712 1859 maxime

930 1891 992 1911 cum
1004 1883 1084 1911 etiam
1102 1882 1232 1918 propheta
1250 1882 1284 1910 de
1298 1882 1392 1910 iisdem
1405 1881 1478 1909 dicat
1491 1890 1498 1910 :
1516 1881 1619 1910 Stultus
1630 1881 1714 1908 stulta

930 1929 1059 1964 loquetur,
1078 1934 1102 1955 et
1122 1936 1166 1955 cur
1179 1928 1236 1962 ejus
1257 1936 1323 1955 rana
1345 1927 1468 1964 cogitabit
1479 1927 1512 1954 ⁸³.
1540 1927 1638 1955 Verum
1650 1934 1712 1954 cum

932 1975 980 2006 illi.
991 1975 1069 2002 ducis
1079 1975 1120 2001 sui
1133 1974 1257 2008 exemplo
1268 1974 1341 2001 velut
1350 1974 1442 2001 leones
1452 1974 1630 2004 circumeant,
1639 1981 1713 2007 quaa—

932 2024 1023 2047 rentes
1047 2027 1128 2054 quem
1151 2027 1166 2046 e
1186 2019 1397 2054 simplicioribus
1420 2018 1589 2050 devorent“,
1613 2018 1714 2046 idcirco

931 2065 1117 2093 necessarium
1130 2065 1208 2092 nobis
1219 2065 1268 2092 fuit
1282 2070 1334 2092 tute
1348 2065 1440 2100 pietati
1452 2065 1610 2095 rescribere.
1619 2068 1648 2091 ut
1659 2063 1714 2091 l'ra-

931 2116 987 2139 tres
1001 2115 1048 2139 tua
1066 2112 1164 2139 iterum
1181 2103 1305 2139 instructi
1321 2111 1522 2145 admonitione,
1535 2117 1630 2138 eorum
1649 2109 1715 2137 futi-

931 2157 1033 2185 litatem
1048 2157 1134 2192 magis
1151 2157 1292 2192 magisque
1305 2155 1517 2191 deprehendant.

91 2201 173 2228 rrth
182 2201 226 2229 διὰ
242 2203 291 2238 τῆς
303 2203 353 2237 σῆς
367 2204 505 2234 νουθεσίας
519 2203 574 2239 (87)
587 2204 717 2239 μαθόντες
728 2205 752 2231 ol
767 2204 885 2239 ἀδελφοὶ,
898 2203 1136 2238 καταγινώσκωσιν
1152 2204 1198 2231 ἐπὶ
1211 2203 1302 2230 πλεῖον
1315 2203 1366 2239 τῆς
1382 2203 1492 2230 ἐκείνων
1514 2201 1712 2238 ματαιολογίας.

128 2249 155 2276 5.
169 2249 206 2276 Οὐ
230 2249 332 2285 κτίσμα
349 2251 553 2287 προσκυνοῦμεν
566 2261 572 2267 ·
591 2252 628 2287 μὴ
652 2251 773 2286 γένοιτοί
795 2252 877 2279 Ἐθνι-

964 2253 992 2280 5.
1018 2251 1110 2287 Itaque
1132 2259 1190 2279 rem
1210 2256 1329 2280 creatam
1355 2258 1410 2278 non
1437 2251 1601 2278 adoramus:
1624 2248 1712 2276 absit!

92 2294 150 2321 κῶν
163 2295 217 2329 γὰρ
237 2296 285 2322 καὶ
304 2296 449 2332 Ἀρειανῷν
464 2297 479 2332 ἡ
497 2297 607 2333 τοιαύτη
633 2297 718 2333 πλάνη
730 2306 736 2312 ·
752 2297 820 2324 ἀλλὰ
833 2297 879 2324 τὸν

92 2341 196 2377 Κύριον
210 2341 259 2377 τῆς
275 2342 387 2374 κτίσεως
404 2343 578 2377 σαρκωθέντα
593 2346 639 2370 τὸν
653 2343 700 2370 τοῦ
714 2343 782 2370 Θεοῦ
793 2344 878 2378 Λόγον

92 2386 308 2422 προσκυνοῦμεν.
337 2388 367 2414 Εί
389 2387 443 2424 γὰρ
461 2388 516 2423 (88)
532 2389 578 2415 καὶ
594 2389 610 2423 ή
636 2388 704 2424 σὰρξ
729 2389 797 2424 αὐτὴ
816 2389 877 2416 καθ’

933 2297 1109 2324 Ethnicorum
1127 2297 1200 2324 enim
1217 2303 1244 2325 et
1258 2297 1422 2324 Arianorum
1440 2301 1482 2324 est
1498 2295 1654 2330 hujusmodi
1669 2302 1714 2322 er-

932 2351 987 2370 ror.
1007 2342 1060 2371 Sed
1076 2351 1167 2370 rerum
1189 2347 1342 2370 creatarum
1368 2342 1522 2373 Dominum,
1539 2348 1648 2368 carnem
1671 2339 1714 2367 fa-

930 2392 1015 2419 ctum,
1033 2387 1079 2415 Dei
1095 2388 1211 2415 Verbum
1231 2387 1386 2415 adoramus.
1414 2387 1468 2415 Etsi
1483 2387 1555 2414 enim
1579 2386 1637 2421 ipsa
1650 2393 1714 2413 caro

127 2475 150 2492 "
165 2475 176 2503 l
190 2476 260 2504 Tim.
278 2485 320 2511 ιιι,
336 2477 363 2506 8.
401 2478 425 2494 ⁸⁸
438 2478 510 2507 Psal.
525 2486 616 2512 anxr,
696 2479 717 2495 ⁸·
740 2478 849 2512 10am],
864 2480 875 2507 1

944 2479 967 2496 ⁸³
977 2479 1029 2507 Tit.
1039 2487 1080 2512 ut,
1091 2479 1133 2510 10,
1161 2479 1205 2506 11.
1244 2479 1267 2494 ⁸³
1280 2479 1330 2506 lsa.
1341 2486 1427 2510 nm,
1443 2477 1468 2504 6.
1503 2477 1526 2492 ”
1540 2475 1632 2504 lPetr.
1645 2484 1672 2510 v,
1686 2476 1714 2503 8.

130 2575 187 2613 (8Q)
199 2576 318 2613 ᾼηειιοη
330 2577 469 2613 ἀδόκιμον.

130 2611 187 2648 (81)
201 2610 254 2648 Sic:
268 2610 425 2648 seguerian.
445 2613 498 2640 Alii
519 2617 546 2640 et
571 2613 635 2640 editi
655 2612 814 2648 particulam
833 2612 881 2648 καί

93 2647 233 2683 omittunt.
247 2647 275 2673 ln
291 2647 369 2675 Gobl.
380 2653 407 2676 et
418 2648 490 2676 Felc.
513 2648 540 2681 1,
555 2647 622 2681 hzec,
634 2647 742 2683 ἀληθῶς
759 2647 881 2675 ποθεινό-

92 2690 169 2712 τατε,
181 2681 288 2709 desunt.

131 2715 187 2760 (82)
197 2717 389 2752 Seguerianus,
401 2717 559 2746 Basiliensis
569 2723 596 2746 et
606 2717 783 2752 Anglicanus,
796 2718 883 2744 Μανι-

113 2759 192 2778 αιων.

93 2760 192 2823 #33,;
202 2785 394 2823 Sgguerianus.
409 2787 440 2814 τὸ
451 2788 546 2823 ὄνομα.
564 2787 635 2819 Mox,
648 2787 792 2822 Μανιχαῑοι
805 2787 880 2815 dccst

94 2821 123 2849 in
138 2822 204 2848 edit.
220 2821 353 2850 Commcl.
366 2828 392 2851 et
405 2823 476 2850 Felc.
492 2821 518 2850 1.

132 2855 188 2891 (86)
206 2855 386 2891 Seguerianus
397 2858 469 2886 addit
482 2859 531 2893 τὴν
542 2858 681 2892 λέγουσαν.

967 2580 1023 2614 (85)
1042 2579 1301 2616 Segtterianusant
1313 2579 1354 2616 ὅτι
1372 2578 1428 2616 καί,
1444 2582 1496 2605 etc.

966 2610 1022 2650 (86)
1043 2610 1094 2643 Sit?
1104 2614 1215 2649 Seguer.
1232 2614 1313 2642 Basil.
1330 2613 1507 2648 Anglicanus.
1525 2611 1578 2639 Alii
1601 2615 1628 2639 et
1648 2610 1714 2640 edit.

931 2649 1063 2678 Commel.
1080 2650 1109 2676 δέ
1125 2650 1262 2677 omittunt.

968 2685 1025 2720 (87)
1046 2685 1240 2720 Seguerianus,
1265 2681 1473 2720 apvécsw;.__E_x
1497 2682 1591 2720 eodem
1604 2680 1714 2720 ibidem,

932 2716 1025 2747 vocem
1044 2716 1103 2754 σῆξ,
1129 2727 1189 2754 quae
1212 2720 1239 2745 in
1264 2719 1324 2754 aliis
1342 2723 1370 2754 et
1392 2717 1472 2745 editis
1493 2717 1578 2754 deest,
1595 2716 1716 2744 restitui-

933 2763 1006 2782 mus.
1020 2752 1079 2782 Moi
1096 2752 1157 2789 δοιῇ.
1173 2754 1264 2789 Basil:
1272 2753 1320 2789 Eri?
1330 2753 1429 2789 habent
1443 2759 1492 2786 pro
1505 2752 1560 2789 tiri;

968 2790 1024 2825 (88)
1046 2788 1094 2825 Sic,
1115 2786 1236 2825 δῖιιςιιειυζ
1250 2788 1331 2825 Basil.
1346 2788 1522 2825 Anglicanus.
1546 2786 1634 2815 Editio
1651 2793 1714 2814 vero

932 2823 1063 2852 (lomnicl.
1080 2823 1161 2853 Gobl.’
1175 2828 1202 2852 et
1216 2823 1288 2852 Felc.
1301 2823 1326 2856 1,
1347 2823 1380 2850 'H
1393 2823 1457 2859 γάρ.
