1954 3041
95 163 162 191 1077

564 159 732 188 EPISTOLA
751 158 796 185 AD
815 155 1014 184 ADELPHIUM
1023 151 1231 190 _EPlSCOPUM

1637 146 1706 185 to78

93 219 140 245 καὶ
163 218 301 252 ἐπιγείων,
327 217 373 244 καὶ
393 215 585 251 καταχθονίων,
609 215 656 242 καὶ
677 215 751 240 πᾶσα
769 213 869 248 γλῶσσι

929 219 997 246 genu
1011 211 1109 238 tlexum
1124 214 1166 236 est
1177 205 1203 236 et
1216 207 1349 240 ﬂectetur,
1362 205 1523 237 caelestium,
1537 204 1705 232 terrestrium

92 264 327 299 ἐξομολογήσεται,
348 263 400 290 κᾶν
424 264 479 294 τοῖς
505 262 653 296 Ἀρειανοῖς
678 260 714 296 μὴ
737 260 812 295 δοκῇ,
835 260 875 285 ὅτι

92 310 194 344 Κύριος
213 309 314 344 Ἰησοῦς
337 309 452 344 Χριστὸς
470 309 510 339 εἰς
533 307 610 339 δόξαν
625 306 692 333 Θεοῦ
707 306 822 342 Πατρός.
838 305 875 331 Οὐ

91 356 146 390 γὰρ
167 355 272 388 ἀδοξίαν
295 355 407 390 ἤνεγκεν
424 355 440 389 ἡ
459 353 525 389 σὰρξ
543 353 582 387 τῷ
594 352 687 386 Λόγῳ·
707 352 744 387 μὴ
757 351 874 385 γένοιτοί

91 401 159 427 ἀλλὰ
187 400 285 436 μᾶλλον
311 399 381 435 αὕτη
403 399 558 431 δεδόξασται
582 398 646 434 παρ’
674 397 767 424 αὑτοῦ.
791 397 874 428 Οὐδὲ,

91 446 185 482 ἐπειδὴ
211 447 304 474 δούλου
329 446 434 482 μορφὴν
458 445 585 472 ἀνέλαϐεν
610 445 623 471 ὁ
645 444 673 470 ὲν
696 445 785 479 μορφῇ
809 441 875 469 Θεοῦ

92 493 221 528 ὑπάρχων
234 493 308 524 Υἱὸς,
322 490 466 526 ἠλαττώθη
480 491 529 525 τῆς
546 490 684 524 θεότητος·
698 489 766 516 ἀλλὰ
777 488 876 524 μᾶλλον

91 538 171 570 αὐτὸς
186 537 369 572 ἐλευθερωτὴς
382 537 471 572 πάσης
488 536 587 572 σαρκὸς
603 535 649 562 καὶ
660 535 750 570 πάσης
764 534 876 565 κτίσεως

91 583 196 617 γέγονε.
218 583 273 609 Καὶ
289 583 313 609 εί
333 583 348 609 ό
370 581 436 614 θεὸς
452 582 480 608 δὲ
503 581 644 608 ἀπέστειλε
657 581 702 606 τὸν
717 580 780 605 Υἱὸν
794 578 875 605 αὑτοῦ

91 627 257 662 γεννώμενον
280 628 311 653 ὲκ
325 627 461 661 γυναικὸς,
481 627 531 653 οὐκ
555 625 683 660 αἰσχύνην
699 626 764 660 ἡμῖν
780 625 875 658 ἐπάγει

90 673 121 700 τὸ
134 674 259 710 πρᾶγμα,
275 673 341 699 ἀλλὰ
354 672 452 708 μᾶλλον
463 672 582 705 εὐδοξίαν
595 672 642 698 καὶ
656 671 774 706 μεγάλην
785 670 874 706 χάριν.

90 719 188 753 Γέγονε
203 719 257 755 γὰρ
274 718 426 754 ἄνθρωπος,
443 718 476 744 ἶν’
490 719 562 754 ἡμᾶς
576 719 602 744 ὲν
616 717 702 752 ἐαυτῷ
714 716 874 753 θεοποιήσῃ·

89 765 137 792 καὶ
151 765 262 800 γέγονεν
278 766 309 791 ὲκ
328 764 465 798 γυναικὸς,
484 764 530 791 καὶ
546 763 704 798 γεγέννηται
723 763 755 789 ὲκ
771 762 876 798 Παρθέ-

88 818 148 841 νου,
164 811 208 836 ἴνα
228 809 277 846 τὴν
297 810 375 845 ἡμῶν
389 809 571 845 πλανηθεῖσαν
583 809 710 844 γέννησιν
726 809 766 840 εἰς
781 808 875 834 ἑαυτὸν

90 855 252 891 μετενέγκῃ.
279 855 325 882 καὶ
347 854 489 890 γενώμεθα
514 853 605 880 λοιπὸν
627 854 703 888 γένος
726 853 813 886 ἆγιον,
828 852 875 879 καὶ

87 886 212 927 κοινωνοὶ
228 886 302 933 θείας
326 886 442 935 φύσεως,
459 901 497 932 ὡς
513 886 660 936 ἔγραψενήό
677 900 810 935 μακάριος
822 899 874 925 Πέ-
891 886 910 914 Β

87 954 166 981 τρος·
183 946 237 973 Καὶ
254 946 287 973 τὸ
303 946 452 973 ἀδύνατον
468 946 502 973 δὲ
516 946 567 972 τοῦ
582 946 686 980 νόμου,
699 946 733 972 ἐν
748 942 772 978 ᾧ
786 944 874 978 ἠσθέ-

85 999 131 1017 νει
156 990 204 1018 διὰ
226 990 281 1024 τῆς
306 991 428 1025 σαρκὸς,
454 993 470 1018 ὀ
497 991 568 1023 Θεὸς
595 991 649 1018 τόν
671 991 778 1018 ἑαυτοῦ
806 990 873 1017 Υίὸν

87 1035 209 1070 πέμψας
223 1036 258 1062 ἐν
271 1036 427 1070 ὁμοιώματι
441 1036 553 1070 σαρκὸς
568 1036 720 1070 ἁμαρτίας,
737 1036 786 1062 καὶ
807 1035 871 1069 περὶ

86 1082 229 1116 ἁμαρτίας
249 1082 402 1116 κατέκρινε
421 1081 479 1116 τὴν
495 1082 641 1117 ἁμαρτίαν
655 1081 690 1108 ἐν
709 1080 747 1116 τῇ
770 1081 871 1115 σαρκί.

121 1183 148 1210 5.
167 1182 222 1219 Τὴν
238 1183 327 1210 τοίνυν
342 1182 560 1218 προσληφθεῖσαν
574 1182 625 1208 ὑπὸ
641 1182 687 1209 τοῦ
703 1182 789 1216 Λόγου
806 1181 871 1217 σάρ-

87 1238 132 1261 κα,
158 1230 204 1256 ἐπὶ
228 1229 266 1264 τῷ
292 1229 395 1261 πάντας
419 1228 578 1264 ἀνθρώπους
602 1228 797 1263 ἐλευθερῶσαι.
826 1228 872 1254 καὶ

87 1274 188 1306 πάντας
206 1275 238 1301 ἐκ
251 1273 360 1310 ’νεκρῶν
381 1274 541 1309 ἀναστῆσαι,
555 1273 601 1300 καὶ
615 1273 751 1309 ἁμαρτίας
759 1272 814 1307 (98)
829 1272 873 1298 λυ-

86 1320 252 1356 τρώσασθαι,
276 1320 333 1352 πῶς
356 1321 380 1346 οἱ
404 1320 505 1355 ταύτην
530 1319 738 1352 ὲξουδενοῦντες,
755 1319 772 1354 ἢ
786 1319 811 1344 οἱ
827 1318 871 1345 διὰ

85 1365 187 1402 ταύτην
200 1366 415 1402 κατηγοροῦντες
428 1365 474 1392 τοῦ
489 1365 553 1392 Υἱοῦ
564 1365 610 1392 τοῦ
622 1365 689 1392 Θεοῦ
702 1365 739 1396 ὡς
752 1365 871 1400 ποιήμα-

85 1419 130 1442 τος
147 1411 163 1446 ἦ
181 1412 329 1446 κτίσματος
341 1411 408 1446 (99),
432 1411 481 1438 οὐκ
502 1411 641 1447 ἀχάριστοι
659 1410 807 1445 φαίνονται,
824 1411 871 1437 καὶ

86 1456 185 1487 παντός
200 1457 253 1482 εἰσι
270 1457 364 1491 μίσους
381 1455 465 1488 aitet;
488 1456 575 1483 Μόνον
588 1456 642 1491 γὰρ
663 1456 722 1490 οὐχὶ
736 1455 815 1490 βοῶσι
831 1455 871 1490 τῷ

85 1501 143 1536 Θεῷ
154 1501 277 1535 λέγοντες
286 1510 293 1517 ⁸
308 1502 354 1536 Μὴ
366 1501 478 1538 πέμψῃς
489 1510 534 1528 σου
544 1502 588 1528 τὸν
599 1502 662 1528 rei»
676 1502 721 1528 τὸν
739 1502 870 1537 μονογενῆ

85 1548 114 1574 ὲν
140 1548 237 1582 σαρκί”
261 1547 299 1583 μὴ
321 1549 436 1584 ποιήσῃς
457 1548 537 1575 αὑτὸν
563 1549 594 1574 ἐκ
618 1548 755 1583 Παρθένου
782 1548 904 1591 σάρκας

84 1592 184 1623 λαϐεῖν,
200 1593 242 1620 ἵνα
256 1593 292 1629 μὴ
304 1593 475 1629 λυτρώσηται
489 1594 560 1629 ἡμᾶς
573 1593 619 1620 τοῦ
635 1593 747 1620 θανάτου
765 1595 811 1620 καὶ
821 1595 870 1630 τῆς

83 1639 230 1674 ἁμαρτίας.
256 1640 292 1665 Οὐ
315 1639 427 1674 θέλομεν
452 1639 532 1666 αὑτὸν
558 1641 586 1666 ὲν
606 1639 711 1674 σώματι
734 1639 868 1674 γενέσθαι,

85 1684 129 1710 ἵνα
145 1685 182 1719 μὴ
201 1685 245 1710 τὸν
265 1685 335 1720 ὑπὲρ
355 1685 429 1720 ἡμῶν
447 1685 604 1719 ἀναδέξηται
621 1684 748 1712 θάνατον’
764 1686 794 1711 οὐ
811 1685 871 1721 βου-

84 1729 187 1764 λόμεθα
206 1730 251 1756 τὸν
273 1731 358 1764 Λόγον
376 1731 464 1766 σάρκα
482 1730 616 1764 γενέσθαι,
639 1731 681 1758 ἵνα
707 1731 743 1770 μῂ
761 1732 790 1758 ἐν
804 1732 870 1758 ταύ-

83 1782 118 1809 τῃ
133 1774 171 1809 (1)
189 1774 301 1810 μεσίτης
321 1775 398 1810 ἡμῶν
420 1775 531 1810 γένηται
548 1776 596 1811 τῆς
614 1776 681 1810 πρὸς
695 1776 724 1802 σε
739 1777 869 1812 προσόδου

83 1820 192 1852 καὶτὰς
207 1821 235 1847 ἐν
251 1821 374 1861 οὐρανοῖς
388 1822 542 1857 οίκήσωμεν
556 1822 648 1856 μονάς.
661 1822 870 1858 Κλεισθήτωσαν

84 1866 112 1892 αἱ
128 1866 208 1892 πύλαι
223 1866 277 1893 τῶν
293 1867 424 1902 οὐρανῶν,
440 1866 484 1893 ἴνα
496 1866 532 1902 μὴ
544 1866 586 1893 διὰ
599 1866 645 1892 τοῦ
658 1868 870 1902 καταπετάσμα-

83 1920 130 1943 τος
154 1912 204 1947 τῆς
225 1913 324 1948 σαρκὸς
345 1912 426 1939 αὑτοῦ
448 1913 496 1948 τὴν
519 1913 547 1938 ἐν
573 1912 696 1948 οὐρανοῖς
722 1913 785 1947 ἡμῖν
810 1913 869 1939 ὁδὸν

83 1957 226 1992 ὲγκαινίσῃ
239 1958 253 1983 ὁ
268 1957 312 1988 σὺς
322 1957 360 1992 (Ξ)
377 1957 471 1991 Λόγος.
487 1953 570 1983 Αὖται
586 1957 634 1992 μὲν
648 1959 675 1984 αἱ
693 1957 802 1984 ἐκείνων
814 1967 869 1992 φω-

82 2002 128 2029 ναὶ
146 2002 214 2038 μετὰ
231 2002 388 2037 διαϐολικῆς
406 2003 508 2038 τόλμης
527 2002 579 2028 εἰσὶ
601 2003 814 2038 προφερόμεναι,
833 2002 868 2029 δι’

81 2045 117 2084 ἦς
133 2049 281 2084 ἐπενόησαν
296 2049 400 2080 ἑαυτοῖς
414 2048 556 2080 κακονοίας
566 2056 572 2062 “
588 2049 612 2074 οἱ
627 2048 681 2084 γὰρ
698 2048 735 2083 μὴ
749 2048 868 2085 θέλοντες

83 2094 173 2129 σάρκα
186 2094 330 2129 γενόμενον
345 2093 389 2120 τὺν
406 2094 491 2127 Λόγον
504 2095 676 2129 προσκυνεῖν,
692 2093 869 2129 ἀχαριστοῦσι

81 2140 115 2175 τῇ
128 2139 330 2175 ὲνανθρωπήσει
343 2139 424 2166 αὑτοῦ
435 2147 441 2154 ·
455 2139 501 2165 καί
514 2140 538 2165 οἱ
551 2137 716 2175 διαιροῦντες
728 2139 772 2165 τὸν
783 2139 868 2173 Λόγον

81 2185 138 2212 ἀπὸ
157 2185 207 2220 τῆς
228 2185 327 2221 σαρκὸς
345 2185 404 2211 οὐδὲ
427 2185 490 2220 μίαν
514 2184 646 2220 λύτρωσιν
661 2185 709 2219 τῆς
733 2185 868 2220 ἁμαρτίας

925 260 953 282 ct
977 254 1158 284 infernarum,
1186 257 1214 280 et
1239 252 1330 279 omnis
1356 251 1450 285 lingua
1476 250 1704 281 conﬁtebitur";

926 302 1035 328 tametsi
1054 300 1163 327 Arianis
1187 305 1241 326 non
1266 298 1364 332 placet,
1381 297 1446 332 quia
1471 296 1602 324 Dominus
1626 296 1707 332 730

925 346 1003 374 Jesus
1016 346 1141 373 Christus
1157 345 1185 372 in
1201 344 1286 379 gloria
1300 348 1342 371 est
1357 344 1404 371 Dei
1416 343 1514 371 Patris.
1531 342 1621 378 Neque
1631 343 1706 370 enim

925 392 1042 429 dedecus
1059 390 1148 418 Verbo
1176 398 1241 418 caro
1257 390 1365 417 attulit:
1392 389 1482 417 absitl
1511 389 1557 416 sed
1574 389 1632 423 ipsa
1657 395 1706 423 po-

925 437 979 464 tius
991 438 1024 464 ab
1038 436 1083 464 illo
1097 436 1211 472 gloriam
1227 436 1343 470 accepit.
1356 434 1411 462 Nec
1426 435 1502 469 item,
1515 435 1579 470 quia
1590 434 1704 462 formam

925 482 995 510 servi
1011 481 1113 516 accepit
1130 481 1224 514 Filius,
1243 481 1287 515 qui
1302 481 1328 507 in
1347 480 1434 507 forma
1450 479 1499 507 Dei
1523 484 1565 507 est
1576 479 1609 512 ",
1623 480 1705 507 dimi-

926 532 1008 554 nutus
1025 526 1166 554 divinitate
1181 531 1223 554 est
1237 536 1243 553 :
1257 527 1304 553 sed
1325 530 1430 559 contra,
1455 526 1589 553 universae
1616 525 1705 552 carnis

925 580 1073 608 rerumque
1094 573 1215 599 omnium
1238 576 1389 599 creatarum
1417 571 1546 599 liberator
1570 572 1627 606 ipse
1644 571 1704 599 fuit.

925 618 957 646 Et
970 627 1034 647 vero
1047 619 1070 646 si
1084 618 1155 646 Deus
1168 618 1266 645 Filium
1284 626 1363 646 suum
1383 618 1457 644 misit
1473 625 1506 645 ex
1523 617 1635 644 muliere
1660 625 1706 652 ge-

925 665 1022 697 nitum,
1041 663 1109 691 nihil
1126 671 1191 691 sane
1207 663 1357 692 dedecoris.
1373 663 1419 691 sed
1435 663 1525 697 potius
1547 662 1660 697 gloriam
1679 666 1706 689 et

925 710 1039 745 gratiam
1055 717 1179 744 magnam
1193 709 1272 736 nobis
1285 716 1329 735 res
1344 708 1388 735 illa
1406 708 1582 742 comparavit.
1612 707 1705 742 Siqui-

925 756 985 783 dem
1002 754 1091 782 factus
1105 755 1188 782 homo
1203 759 1253 787 est,
1271 758 1301 781 ut
1314 761 1364 781 nos
1380 753 1407 780 in
1423 753 1512 788 seipso
1536 753 1601 781 deos
1615 752 1705 780 eﬂice-

924 804 968 828 ret
984 809 990 827 :
1007 800 1095 828 factus
1115 804 1203 828 estex
1228 799 1351 830 muliere,
1368 803 1396 826 et
1410 799 1516 834 genitus
1529 804 1572 826 est
1595 806 1629 826 ex
1644 798 1704 825 Vir-

925 846 997 881 gine,
1015 850 1045 873 ut
1059 850 1193 874 errantem
1214 845 1300 872 nostri
1319 849 1408 872 ortum
1430 843 1591 872 transferret
1614 844 1641 871 in
1663 851 1705 872 se-

926 893 1026 927 ipsum,
1051 896 1134 927 atque
1159 892 1215 927 jam
1247 898 1298 919 nos
1316 899 1401 926 genus
1415 895 1542 918 sanctum
1557 894 1585 918 et
1609 890 1706 918 divinae

925 942 1068 966 consortes
1084 942 1189 965 naturae
1203 937 1380 969 elliceremur,
1397 936 1623 971 quemadmodum
1639 937 1706 964 scri-

925 985 980 1019 psit
993 984 1088 1012 beatus
1103 983 1199 1011 Petrus
1209 983 1252 1010 ’δε
1277 982 1353 1010 Unde
1375 983 1443 1018 quod
1466 982 1625 1017 impossibile
1648 988 1704 1010 erat

924 1030 985 1064 legi,
1008 1031 1036 1057 in
1053 1038 1103 1065 quo
1120 1029 1306 1064 inﬁrmabatur
1326 1036 1372 1063 per
1395 1036 1509 1061 carnem,
1531 1027 1601 1055 Deus
1624 1028 1704 1055 misso

924 1074 997 1102 Filio
1012 1083 1059 1102 suo
1073 1076 1100 1102 in
1116 1075 1316 1101 similitudinem
1332 1074 1419 1100 carnis
1434 1073 1543 1108 peccati,
1559 1077 1584 1100 et
1599 1073 1630 1100 de
1643 1081 1704 1108 pec-

924 1127 984 1148 cata
1003 1121 1136 1148 damnavit
1156 1125 1291 1156 peccatum
1308 1120 1333 1146 in
1346 1128 1424 1146 carne
1434 1120 1467 1147 “.

959 1173 985 1200 5.
999 1173 1040 1201 An
1056 1182 1110 1201 non
1126 1173 1208 1209 igitur
1235 1172 1290 1205 illi,
1316 1172 1362 1207 qui
1385 1177 1551 1208 assumptam
1576 1180 1592 1200 a
1617 1172 1704 1200 Verbo

924 1227 1043 1252 carnem,
1063 1227 1118 1254 quo
1130 1226 1225 1247 omnes
1245 1218 1369 1246 homines
1386 1218 1522 1253 liberaret,
1534 1226 1567 1246 ex
1589 1220 1704 1246 mortuis

923 1265 1113 1298 exsuscitaret,
1131 1272 1145 1292 a
1161 1265 1332 1300 peccatisque
1346 1264 1500 1297 redimeret,
1525 1265 1701 1299 vilipendunl,

923 1311 965 1338 vel
980 1311 1040 1345 ejus
1063 1318 1145 1338 causa
1172 1310 1269 1338 Filium
1286 1310 1333 1338 Dei
1362 1314 1490 1345 tanquam
1518 1317 1574 1337 rem
1603 1309 1701 1337 factam

924 1363 1078 1386 creatamve
1092 1357 1304 1389 calumniantur,
1318 1357 1416 1394 ingrati
1432 1357 1560 1392 omnique
1584 1357 1646 1384 odio
1662 1357 1702 1384 di-

923 1404 968 1440 gni
982 1404 1067 1432 videri
1083 1403 1203 1432 debent?
1216 1403 1332 1431 Tantum
1349 1403 1422 1431 enim
1447 1411 1501 1430 non
1527 1403 1563 1430 ita
1585 1403 1702 1430 clamant

924 1450 956 1477 ad
973 1449 1076 1478 Deum:
1099 1449 1139 1477 Ne
1154 1450 1246 1477 mittas
1269 1449 1367 1476 Filium
1391 1454 1465 1476 tuum
1483 1449 1649 1484 unigenitum
1673 1449 1700 1475 in

923 1503 1031 1523 carnem
1047 1505 1053 1523 :
1072 1496 1127 1523 noli
1148 1495 1234 1531 ipsum
1259 1503 1368 1523 carnem
1385 1503 1418 1522 ex
1435 1495 1544 1530 Virgine
1568 1495 1699 1530 accipere,

923 1548 957 1568 ne
971 1548 1021 1568 nos
1038 1548 1053 1567 a
1068 1545 1155 1568 morte
1169 1545 1196 1568 et
1212 1546 1323 1575 peccato
1339 1540 1444 1567 liberet.
1473 1539 1604 1567 Nolumus
1629 1539 1701 1566 hunc

921 1586 997 1614 nasci
1012 1586 1040 1613 in
1053 1593 1177 1621 corpore,
1193 1594 1226 1613 ne
1243 1590 1355 1613 mortem
1374 1594 1423 1621 pro
1447 1585 1526 1613 nobis
1549 1585 1678 1619 suscipiat
1692 1594 1698 1612 :

920 1633 1049 1660 nolumus
1062 1631 1180 1660 Verbum
1196 1639 1304 1660 carnem
1320 1632 1388 1665 ﬁeri,
1402 1639 1436 1659 ne
1449 1631 1534 1659 nostri
1548 1631 1581 1658 ad
1598 1635 1623 1658 te
1637 1638 1700 1666 pro-

921 1686 1032 1713 gressus
1048 1677 1182 1706 mediator
1198 1678 1226 1706 in
1239 1685 1270 1706 ea
1286 1678 1340 1711 tiat,
1356 1678 1532 1712 caelestesque
1547 1677 1642 1706 domos
1659 1677 1700 1704 ὶιιρ

920 1724 1053 1752 colamus.
1080 1723 1248 1751 Claudantur
1273 1724 1402 1751 ccelorum
1427 1724 1537 1759 janum,
1562 1731 1596 1751 ne
1623 1728 1698 1751 tuum

922 1770 1042 1799 Verbum
1059 1779 1107 1806 per
1121 1772 1212 1798 carnis
1226 1779 1282 1798 sua:
1297 1771 1417 1798 velamen
1434 1771 1513 1798 nobis
1529 1771 1579 1798 iter
1594 1770 1627 1798 ad
1642 1777 1699 1797 cm.

919 1817 962 1844 los
983 1820 1103 1844 renovet.
1119 1815 1159 1843 En
1181 1823 1250 1850 quas
1264 1815 1302 1842 illi
1318 1823 1398 1844 voces
1417 1816 1550 1844 diabolica
1567 1823 1628 1842 cum
1649 1823 1699 1843 au-

919 1855 996 1889 dacia
1014 1861 1166 1896 proferunt,
1192 1868 1245 1896 qua
1269 1860 1361 1888 eadem
1386 1860 1530 1897 instigante
1546 1868 1626 1896 prava
1647 1861 1698 1888 sibi

919 1907 971 1942 ipsi
1000 1907 1187 1942 excogitavere
1217 1911 1379 1933 commenta.
1411 1906 1478 1934 Nam
1505 1907 1552 1941 qui
1581 1906 1698 1934 Verbum

920 1960 1030 1980 carnem
1055 1952 1156 1980 factum
1179 1952 1294 1979 adorare
1319 1957 1456 1984 recusant,
1474 1952 1502 1979 hi
1528 1953 1645 1987 ingratos
1670 1953 1698 1979 in

919 1999 978 2033 ejus
990 1997 1183 2033 benignitatem
1198 2004 1258 2024 sese
1270 1997 1407 2030 exhibent,
1422 2004 1475 2032 qua
1489 1997 1634 2024 humanam
1655 2005 1699 2025 as-

919 2043 1036 2078 sumpsit
1051 2048 1187 2070 naturam.
1204 2042 1255 2076 Qui
1272 2048 1362 2070 autem
1386 2042 1502 2071 Verbum
1529 2051 1544 2071 a
1560 2051 1643 2071 carne
1657 2044 1699 2071 di-

918 2089 1031 2122 rimunt,
1047 2087 1074 2115 hi
1090 2087 1210 2123 profecto
1232 2088 1333 2115 nullam
1358 2088 1460 2122 peccati
1483 2088 1696 2123 redemptionem

918 2134 1054 2161 nullamve
1068 2133 1162 2161 mortis
1172 2133 1334 2160 solutionem
1347 2137 1489 2160 autumant
1504 2133 1677 2161 ﬁeri.Ubinat

919 2187 982 2207 vero
996 2187 1118 2211 carnem,
1133 2186 1213 2214 quam
1236 2178 1359 2206 Salvator
1372 2179 1485 2213 accepit,
1501 2186 1623 2206 seorsum
1648 2187 1697 2213 po-

81 2231 217 2265 γενέσθαι,
228 2231 288 2257 οὐδὲ
298 2229 442 2258 κατάλυσιν
454 2230 500 2257 τοῦ
517 2230 630 2257 θανάτου
646 2230 794 2266 νομίζουσι.
811 2229 866 2257 Ποῦ

922 2226 998 2253 sitam
1015 2225 1148 2260 reperient
1164 2224 1249 2259 impii,
1271 2228 1300 2252 ut
1316 2229 1344 2251 et
1368 2225 1457 2252 dicere
1485 2224 1603 2252 audeant
1621 2223 1696 2251 :Nos

80 2276 110 2302 δὲ
129 2276 197 2307 ὅλως
217 2277 241 2302 οἱ
257 2276 364 2307 ἀσεϐεῖς
385 2277 431 2302 καὶ
455 2275 515 2302 καθ’
530 2276 628 2312 ἑαυτὴν
653 2277 796 2311 εὑρήσουσι
816 2276 865 2312 τὴν

82 2321 181 2357 σάρκα,
197 2321 229 2357 ἥν
247 2321 340 2348 ἔλαὸεν
352 2322 366 2347 ό
381 2321 484 2357 Σωτὴρ,
506 2321 548 2348 ἵνα
564 2322 610 2348 καὶ
626 2322 744 2357 τολμῶσι
760 2321 864 2356 λέγειν·

81 2367 159 2403 Οὺ(5)
168 2367 372 2403 προσκυνοῦμεν
379 2368 457 2403 ἡμεῖς
464 2367 508 2393 τὸν
514 2367 554 2393 Κύ
559 2375 615 2403 ριον
621 2367 689 2402 μετὰ
696 2367 745 2402 τῆς
754 2367 863 2403 σαρκός

80 2413 148 2440 ἀλλὰ
165 2413 320 2449 διαιροῦμεν
334 2413 364 2440 τὸ
386 2413 476 2448 σῶμα,
490 2413 536 2439 καὶ
550 2413 621 2447 μόνῳ
636 2413 722 2448 τούτῳ
736 2413 864 2448 λατρεύο-

82 2464 148 2491 trav;
171 2456 199 2482 '0
216 2457 263 2491 μὲν
277 2454 323 2483 οὖν
336 2457 468 2492 μακάριος
484 2456 617 2490 Στέφανος
634 2458 662 2483 ἐν
677 2458 798 2492 οὐρανοῖς
811 2455 864 2483 εἶδε

79 2501 126 2526 τὸν
143 2500 242 2536 Κύριον
264 2501 296 2528 ὲκ
310 2501 404 2533 δεξιῶν
420 2502 538 2529 ἑστῶτα·
553 2503 578 2528 οἱ
597 2502 624 2528 δὲ
644 2502 753 2536 ἄγγελοι
772 2502 863 2536 ἔλεγον

79 2547 136 2578 τοῖς
148 2547 296 2582 μαθηταῖς·
313 2547 411 2580 οὕτως
430 2547 584 2575 ἐλεύσεται
605 2547 641 2574 ὃν
656 2547 766 2581 τρόπον
779 2546 862 2574 ἐθεά-

917 2279 972 2299 nou
1000 2271 1147 2298 adoramus
1170 2269 1314 2297 Dominum
1334 2277 1397 2298 eum
1421 2277 1513 2303 carne,
1531 2270 1578 2298 sed
1596 2277 1695 2304 corpus

916 2324 1085 2352 separamus,
1100 2321 1126 2343 et
1142 2316 1192 2344 soli
1208 2316 1323 2343 Domino
1339 2316 1495 2344 servimus?
1511 2315 1582 2344 Sane
1597 2316 1694 2344 beatus

917 2362 1070 2396 Stephanus
1095 2361 1240 2388 Dominum
1265 2369 1281 2388 a
1306 2361 1407 2389 dextris
1432 2366 1548 2389 stantem
1573 2361 1692 2393 vidit“;

916 2409 1002 2444 angeli
1017 2415 1123 2443 quoque
1139 2407 1280 2443 discipulis
1304 2407 1429 2435 aiebant:
1445 2406 1490 2434 Sic
1507 2407 1589 2434 veniet
1604 2414 1691 2442 quem-

916 2453 1058 2480 admodum
1073 2453 1176 2480 vidistis
1190 2461 1250 2480 eum
1267 2458 1370 2480 euntem
1390 2453 1417 2479 in
1431 2452 1523 2478 coelum
1532 2452 1565 2479 ’⁷.
1581 2451 1651 2485 Quin
1666 2456 1691 2478 et

915 2500 974 2534 ipse
990 2499 1118 2526 Dominus
1138 2498 1243 2526 Patrem
1258 2498 1399 2533 alloquens
1411 2498 1479 2525 dixit
1495 2505 1502 2524 :
1520 2497 1582 2525 Volo
1600 2502 1629 2524 ut
1647 2497 1690 2524 ubi

914 2554 973 2572 sum
986 2553 1042 2580 ego,
1058 2550 1082 2571 et
1099 2544 1140 2571 illi
1156 2552 1256 2579 semper
1269 2544 1321 2571 sint
1337 2551 1437 2571 mecum
1445 2544 1478 2571 ’⁸.
1490 2542 1518 2570 Si
1534 2543 1616 2578 igitur
1627 2551 1691 2570 caro

116 2613 869 2650 Ἶῃωμωηη.Ἤωλψ.Μηωη

962 2607 985 2632 ’δ
1006 2615 1084 2643 Rom.
1101 2623 1159 2647 vin,
1177 2616 1203 2642 5.
1241 2615 1263 2631 ⁹⁶
1282 2615 1402 2648 Act.vu,
1418 2613 1462 2641 55.
1500 2613 1523 2630 "’
1535 2613 1594 2641 Act.
1611 2614 1687 2647 1,“.

79 2649 103 2665 ’⁸
121 2648 200 2676 Joan.
217 2648 283 2683 iv",
297 2650 342 2678 24.

80 2695 172 2765 ἀ
192 2695 350 2731 Seguenan.
365 2696 448 2724 Basil.
464 2700 490 2725 et
506 2697 681 2732 Anglicanus,
700 2698 746 2724 καὶ
760 2698 858 2730 παντὸς

116 2765 172 2802 (99)
193 2765 237 2802 Sic
258 2765 369 2802 Seguer.
384 2771 465 2802 atque
481 2767 517 2794 ita
532 2767 594 2802 legit
608 2766 739 2794 Nannius.
755 2767 808 2794 Alii
832 2771 859 2794 et

77 2799 144 2836 editi
162 2799 331 2836 οιηίιιιιηιξῆ
346 2799 501 2836 κτίσματος.

113 2835 153 2870 ll)
172 2835 218 2863 Sic
234 2843 329 2865 omnes
341 2844 406 2864 mss.
426 2836 493 2864 Editi
507 2845 580 2870 vero,
595 2836 722 2864 ἐνταῦθα.
737 2836 798 2865 Mox
815 2837 860 2881 sc-

912 2705 999 2732 guer.,
1009 2696 1135 2732 προόδου.

947 2732 985 2772 (2)
1002 2729 1051 2772 Sic
1068 2732 1130 2767 δοες.
1148 2731 1230 2759 Basil.
1247 2730 1351 2767 Anglic.
1368 2730 1421 2758 Alii
1433 2737 1498 2757 vero
1513 2733 1539 2757 et
1557 2729 1631 2762 editi,
1643 2731 1689 2762 σός

913 2771 1051 2835 oni'slius'ié
1058 2809 1152 2830 omnes
1164 2808 1231 2830 mss.
1243 2800 1310 2829 Male
1323 2805 1412 2828 autem
1418 2799 1501 2829 editio
1507 2799 1649 2833 Commel.,
1657 2800 1687 2826 οὐ

912 2836 1012 2864 omittit
