1954 3041
129 138 195 166 1081

586 141 754 170 EPISTOLA
773 143 818 170 AD
831 142 1032 172 ADELPHIUM
1051 142 1258 173 EPISCOPUM'.

1676 142 1747 172 1082

129 195 273 231 ἓπραττον,
288 194 334 222 καὶ
347 194 376 220 ὲν
394 193 481 230 τούτῳ
501 194 641 230 εὐάρεστοι
661 196 699 231 τῷ
717 196 776 232 Θεῷ
789 196 843 232 (10)
859 197 912 231 ἐγί-

967 198 1033 232 Dco,
1056 207 1146 226 annon
1173 198 1323 227 sexcenties
1347 199 1416 227 mori
1439 199 1513 235 digni
1536 203 1600 228 sunt
1623 200 1748 229 scelerati

128 249 217 267 νοντο·
235 240 292 271 πῶς
312 240 361 266 οὐκ
384 239 549 267 ἀπολωλέναι
565 241 694 273 πολλάκις
713 243 782 268 εἰσὶν
801 242 870 275 ἄξιοι
891 244 914 270 οἱ

131 287 222 323 μιαροὶ
237 286 283 313 καὶ
303 285 394 321 πάσης
407 286 537 322 αἱρέσεως
552 287 684 322 αἴσχιστοι
705 279 846 323 ’Λρειανώη
863 289 914 322 ὅτι,

127 333 173 359 τὸν
189 332 271 358 πάλαι
288 331 350 358 λαὺν
372 331 563 368 ἀποδεχόμενοι
577 333 620 360 διὰ
634 333 683 369 τὴν
706 334 774 369 πρὸς
794 334 838 361 τὸν
851 334 914 362 ναὸν

127 378 222 413 τιμὴν,
237 378 267 404 ού
283 377 420 412 βούλονται
435 378 479 404 τὸν
492 377 593 413 Κύριον
610 379 638 405 ἐν
652 379 745 415 σαρκὶ,
764 379 802 412 ὡς
818 381 846 406 ὲν
858 380 915 414 ναῷ

127 423 201 456 ὄντα,
216 424 377 459 προσκυνεῖν
390 432 397 455 ;
414 424 510 450 Καίτοι
531 425 545 451 ὁ
558 424 642 451 πάλαι
659 425 721 457 ναὸς
742 426 774 452 ὲκ
788 425 867 452 λίθων
881 423 915 461 ἦν

127 470 175 496 καὶ
195 469 294 505 χρυσοῦ
318 469 558 502 κατασκευασθεὶς,
575 470 612 502 ὠς
635 471 713 497 σκιάι
735 471 864 508 ἐλθούσης
886 472 915 498 δὲ

126 516 176 551 τῆς
201 514 338 550 ἀληθείας,
363 515 500 542 πέπαυται
523 515 614 543 λοιπὸν
637 516 652 542 ὁ
675 516 769 549 τύπος,
795 518 842 544 καὶ
864 517 914 544 οὐκ

127 561 228 596 ἔμεινε,
243 560 312 588 κατὰ
325 561 374 596 τὴν
387 561 528 596 Κυριακὴν
544 562 644 597 φωνὴν,
657 562 730 594 λίθος
741 563 786 589 ἐπὶ
802 563 874 590 λίθον
885 564 913 590 ὲν

127 607 219 642 αύτῷ,
233 607 262 638 ὃς
279 607 308 634 ού
324 606 468 642 κατελύθη.
484 607 538 633 Καὶ
551 606 623 639 οὔτε,
639 607 683 634 τὸν
695 607 758 634 ναὸν
772 608 914 643 βλέποντες

128 654 160 679 ὲκ
178 652 269 684 λίθων,
294 652 417 687 ἐνόμιζον
439 653 486 678 καὶ
504 653 549 679 τὸν
568 653 596 679 ὲν
618 653 692 689 αὐτῷ
710 654 765 689 ναῷ
784 654 914 682 λαλοῦντα

127 698 229 734 Κύριον
243 696 310 724 εἶναι
325 698 437 733 κτίσμα,
460 697 532 729 οὔτε,
552 699 597 725 τὸν
615 700 678 726 ναὸν
699 699 912 734 ὲξουθενοῦντες,

127 745 307 780 ἀπερχόμενοι
329 744 436 780 μακρὰν
462 744 660 779 προσεκύνουν·
685 745 740 771 ἀλλ’
769 746 808 777 εἰς
833 746 913 772 αὑτὸν

127 791 267 826 ἐρχόμενοι
289 790 411 826 νομίμως
427 790 571 826 ἐλάτρευον
588 790 626 825 τῷ
639 790 697 826 Θεῷ
716 790 770 817 ἀπὸ
784 790 831 817 τοῦ
848 790 912 817 ναοῦ

125 837 330 873 χρηματίζοντι,
356 836 457 863 Τούτου
478 836 506 862 δὲ
528 835 613 867 οὕτως
632 836 788 871 γενομένου,
805 835 862 867 πῶς
882 835 912 862 τὺ

127 884 206 919 σῶμα
223 883 269 910 τοῦ
291 883 404 919 Κυρίου,
420 883 450 909 τὸ
469 882 523 918 (Il)
542 882 672 917 πανάγιον
688 882 736 908 καὶ
760 881 925 908 πάνσεπτον.

126 930 244 965 ἀληθῶς,
263 929 314 956 ὑπὸ
331 929 379 965 μὲν
398 929 445 956 τοῦ
464 929 634 965 ἀρχαγγέλου
658 928 777 964 Γαϐριὴλ
798 928 912 962 εὐαγγε-

126 975 226 1007 λισθὲν,
248 976 299 1002 ὑπο
319 976 347 1002 δὲ
362 975 409 1002 τοῦ
434 975 511 1009 ἁγίου
537 975 693 1010 Πνεύματος
720 974 847 1005 πλασθὲν,
865 974 912 1000 καὶ

125 1023 173 1050 τοῦ
194 1023 280 1056 Λόγου
306 1023 415 1057 γεγονὸς
436 1022 491 1057 (12)
517 1022 626 1057 ἔνδυμα,
654 1021 683 1048 οὑ
708 1021 911 1057 προσκυνητόν;

125 1068 213 1104 Χεῖρα
228 1069 293 1103 γοῦν
310 1069 467 1104 σωματικὴν
483 1069 606 1100 ἐκτείνας
619 1069 633 1094 ό
647 1068 742 1101 Λόγος,
758 1067 852 1102 ἤγειρε
863 1067 913 1102 τὴν

126 1114 329 1149 πυρέσσουσαν·
343 1115 390 1140 καὶ
413 1115 504 1150 φωνὴν
523 1114 695 1150 ἀνθρωπίνην
712 1113 802 1148 ἀφεὶς,
819 1113 912 1148 ἤγειρε

126 1160 171 1186 τὸν
186 1159 310 1195 Λάζαρον
327 1161 359 1186 ἐκ
379 1160 483 1196 νεκρῶν
498 1160 569 1195 (15)·
588 1160 635 1186 καὶ
659 1160 738 1186 πάλιν
755 1160 804 1190 τὰς
820 1160 912 1194 χεῖρας

125 1206 248 1237 ἐκτείνας
264 1206 310 1232 ὲπὶ
324 1205 370 1232 τοῦ
388 1205 514 1241 σταυροῦ,
529 1206 573 1232 τὸν
588 1206 636 1241 μὲν
647 1206 763 1241 ἄρχοντα
776 1204 823 1240 τῆς
839 1205 912 1238 ἐξου-

127 1251 187 1283 σίας
207 1250 254 1277 τοῦ
275 1251 365 1287 ἀέρος,
383 1250 428 1278 τοῦ
448 1251 495 1277 νῦν
519 1250 692 1285 ἐνεργοῦντος
716 1251 744 1277 ὲν
764 1251 819 1281 τοῖςΙ
847 1250 912 1281 υἱοῖς

126 1297 176 1332 τῆς
196 1297 346 1329 ἀπειθείας,
367 1296 511 1329 κατέϐαλε,
533 1296 582 1332 τὴν
608 1296 636 1323 δὲ
658 1296 715 1323 όδδν
731 1297 797 1332 ἡμῖν
814 1296 843 1322 ὲν
857 1297 913 1327 τοῖς

125 1343 250 1377 οὐρανοῖς
265 1342 386 1378 καθαρὰν
400 1343 496 1369 ὲποίει.

162 1389 188 1416 8.
205 1388 308 1416 οὐκοῦν
322 1390 335 1416 ὁ
353 1389 408 1424 (14)
424 1388 468 1415 τὸν
483 1388 544 1414 ναὸν
562 1387 712 1423 ἀτιμάζων,
728 1386 853 1422 ἀτιμάζει
868 1386 914 1413 τὸν

126 1436 155 1462 ὲν
171 1435 209 1470 τῷ
222 1434 278 1470 ναῷ
294 1435 394 1470 Κύριον
406 1443 413 1449 ·
429 1434 476 1460 καὶ
489 1435 503 1460 ό
515 1433 625 1469 διαιρῶν
641 1433 687 1460 τὸν
703 1433 788 1468 Λόγον
803 1433 856 1460 ἀπὺ
866 1433 912 1460 τοῦ

128 1480 264 1515 σώματος,
285 1479 375 1506 ἀθετεῖ
391 1478 440 1514 τὴν
455 1479 591 1514 χάριντὴν
601 1477 722 1504 δοθεῖσαν
741 1479 805 1513 ἡμῖν
822 1479 850 1504 ὲν
867 1478 914 1504 αὗ-

966 244 1174 279 turpissimiquc
1200 244 1321 271 omnium
1348 244 1535 271 haereticorum
1565 245 1676 277 Ariani,
1701 245 1749 281 qui

964 291 1064 318 veteris
1082 290 1174 325 populi
1196 298 1260 326 erga
1281 291 1410 325 templum
1428 291 1606 319 reverentiam
1625 292 1747 326 laudant,

964 341 991 363 et
1009 336 1154 363 Dominum
1173 336 1199 363 in
1217 344 1299 363 carne
1312 341 1440 371 tanquam
1456 337 1481 364 in
1501 337 1601 371 templo
1615 338 1749 365 exsistan-

966 387 1017 408 tem
1037 381 1152 409 adorare
1167 387 1286 409 renuunt
1299 383 1310 409 Ἰ
1325 382 1406 417 Atqui
1426 386 1504 410 vetus
1519 383 1647 417 templum
1666 388 1693 410 et
1708 383 1748 410 la-

964 422 1074 462 pidibus
1090 431 1118 455 et
1135 435 1214 459 auro,
1235 428 1305 455 velut
1330 428 1436 461 umbra,
1461 432 1646 455 constructum
1669 433 1745 456 erat:

964 477 1106 507 pOStquam
1119 478 1207 500 autem
1218 473 1327 500 advenit
1340 473 1511 507 verilas.jam
1527 473 1637 501 evanuit
1650 473 1744 508 ﬁgura,

963 526 1014 546 nec
1039 519 1107 554 lapis
1129 527 1211 554 super
1234 519 1372 560 lapidem,
1397 520 1546 546 secundum
1579 519 1746 547 Dominieam

963 571 1056 591 vocem
1069 564 1089 596 ⁸,
1105 564 1132 591 in
1147 572 1180 591 eo
1193 565 1302 596 mansit,
1316 564 1362 599 qui
1379 572 1433 590 non
1458 563 1538 591 fuerit
1554 572 1675 592 eversus.
1692 563 1746 592 Nec

963 617 1027 636 vero
1047 609 1084 636 illi
1105 609 1234 644 templum
1246 617 1278 636 ex
1293 609 1427 644 lapidibus
1440 609 1601 636 aediﬁcatum
1614 614 1746 637 contuen-

963 660 1014 686 tes,
1031 656 1118 690 ipsum
1141 656 1222 682 etiam
1240 654 1397 687 Dominum,
1414 655 1460 690 qui
1488 655 1515 682 in
1529 662 1561 682 eo
1575 656 1745 690 loquebatur,

963 709 1020 728 rem
1037 706 1154 728 creatam
1167 701 1297 736 putabant
1313 709 1374 728 esse
1387 709 1393 727 :
1409 708 1496 735 neque
1510 701 1638 736 templum
1654 701 1746 736 despi-

963 748 1066 775 cientes
1091 747 1186 782 procul
1212 747 1274 773 inde
1292 746 1430 773 adoraturi
1448 746 1606 781 recedebant
1621 755 1628 779 ;
1646 747 1693 774 sed
1717 746 1746 774 in

963 794 1029 820 illud
1059 793 1173 827 ingressi
1188 811 1197 825 ,
1214 792 1269 819 Deo
1298 792 1408 819 oracula
1431 799 1446 818 e
1463 791 1562 826 templo
1588 791 1676 818 edenti
1695 792 1747 820 rite

963 838 1126 866 serviebant.
1141 837 1206 870 Quae
1222 844 1283 864 cum
1301 837 1336 863 ita
1369 837 1436 868 sint,
1455 843 1488 862 an
1511 843 1565 863 non
1583 836 1690 863 adorari
1705 837 1747 864 di-

963 891 1046 919 gnum
1072 887 1115 910 est
1131 883 1335 910 sanctissimum
1354 890 1472 916 vereque
1486 882 1667 910 venerandum
1695 881 1747 910 Do-

963 928 1030 954 mini
1049 935 1159 962 corpus,
1176 928 1248 963 quod
1269 927 1378 962 quidem
1394 928 1428 954 ab
1441 927 1604 962 archangelo
1622 926 1746 955 Gabriele

965 974 1168 1007 annuntiatum,
1183 981 1198 1000 a
1216 973 1319 1008 Spiritu
1333 976 1427 1000 sancto
1441 973 1586 1000 formatum
1599 973 1620 1006 ⁸,
1635 980 1667 1000 ac
1680 971 1747 1000 Ver-

962 1018 989 1045 bi
1018 1018 1119 1045 factum
1147 1023 1187 1046 est
1203 1018 1415 1046 indumentum?
1435 1018 1521 1051 llujus
1536 1018 1657 1053 corporis
1680 1017 1747 1045 Ver-

962 1064 1026 1091 bum
1048 1072 1130 1091 manu
1146 1068 1255 1091 extenta
1273 1064 1414 1091 mulierem
1436 1064 1504 1091 l‘cbri
1521 1064 1686 1091 laborantem
1701 1071 1747 1091 ως

963 1111 1066 1143 navit’,
1080 1116 1106 1138 et
1125 1118 1190 1138 voce
1207 1111 1326 1138 humana
1342 1111 1441 1138 emissa
1458 1110 1590 1138 Lazarum
1610 1110 1747 1137 revocavit

962 1156 994 1183 ad
1009 1156 1092 1183 vitam
1108 1156 1138 1184 'z
1157 1157 1284 1191 idemque
1301 1157 1426 1184 manibus
1443 1164 1537 1184 rursus
1555 1155 1580 1182 in
1601 1162 1681 1182 cruce
1696 1162 1746 1182 ex-

963 1201 1059 1234 tensis,
1075 1202 1224 1237 principem
1242 1201 1386 1237 potestatis
1401 1201 1482 1233 aeris,
1498 1201 1543 1236 qui
1560 1207 1632 1227 nunc
1648 1206 1745 1234 opera—

962 1251 1008 1274 tur
1023 1247 1048 1274 in
1076 1247 1139 1274 ﬁliis
1155 1246 1308 1274 diﬂidentiae
1319 1247 1341 1278 ³,
1362 1246 1518 1282 prostravit,
1545 1252 1695 1281 puramque
1711 1244 1745 1271 ad

963 1292 1048 1320 cmlos
1061 1292 1138 1319 nobis
1153 1292 1225 1319 viam
1242 1292 1357 1327 paravit.

998 1387 1024 1415 8.
1040 1387 1211 1423 Quapropter
1225 1389 1271 1422 qui
1287 1387 1436 1415 contemnit
1447 1387 1586 1422 templum.
1600 1387 1744 1417 Dominum

963 1433 1009 1468 qui
1027 1434 1053 1460 in
1072 1433 1171 1467 templo
1190 1438 1231 1461 est
1247 1433 1396 1460 contemnit
1411 1442 1417 1460 :
1436 1438 1462 1460 et
1477 1433 1524 1467 qui
1538 1432 1655 1460 Verbum
1677 1434 1753 1468 divi:

963 1478 1003 1505 dit
1018 1486 1033 1505 a
1048 1485 1171 1512 corpore,
1185 1478 1299 1513 gratiam
1322 1477 1400 1505 nobis
1416 1477 1443 1504 in
1463 1477 1522 1512 ipso
1538 1479 1628 1505 datam
1644 1479 1743 1514 rejieit.

125 1524 174 1559 τῷ.
193 1524 247 1550 Καὶ
270 1523 443 1550 ἀσεϐέστατοι
466 1523 494 1549 δὲ
525 1522 725 1557 Ἀρειομανῖται
747 1523 795 1558 μὴ,
819 1523 912 1558 ἐπειδὴ

965 1523 1018 1550 Nec.
1033 1531 1097 1550 vero
1122 1524 1275 1559 impiissimi
1289 1524 1393 1557 Ariani,
1409 1532 1442 1551 eo
1456 1525 1528 1559 quod
1545 1529 1666 1552 creatum
1682 1533 1744 1553 cor-

125 1571 156 1597 τὸ
173 1571 252 1606 σῶμα
278 1571 385 1597 κτιστύν
402 1571 469 1603 ἐστι,
487 1569 670 1605 νομιζέτωσαν
694 1569 742 1596 καὶ
765 1569 810 1595 τὸν
829 1568 913 1602 Λόγον

127 1615 195 1644 εἶναι
207 1616 318 1652 κτίσμα,
336 1616 401 1652 μηδὲ
414 1615 457 1642 διὰ
469 1615 499 1642 τὸ
515 1615 552 1651 μὴ
565 1613 634 1641 εἶναι
648 1614 693 1642 τὸν
704 1614 788 1648 Λόγον
801 1613 912 1649 κτίσμα,

127 1662 341 1690 διαϐαλλέτωσαν
357 1662 388 1688 τὸ
405 1662 483 1697 σῶμα
501 1661 594 1688 αὑτοῦ.
613 1661 756 1696 Θαυμάσαι
772 1660 825 1695 γάρ
840 1661 913 1686 ἐστιν

127 1709 216 1735 αὐτῶν
239 1708 288 1744 τὴν
311 1708 464 1739 κακόνοιαν,
488 1708 530 1734 ὅτι
554 1707 600 1734 καὶ
625 1706 713 1733 πάντα
739 1705 843 1733 κυκῶσι
867 1705 913 1732 και

127 1754 252 1790 φύρουσι,
278 1754 325 1780 καὶ
347 1753 496 1788 προφάσεις
524 1752 741 1788 ἐφευρίσκουσιν,
766 1751 807 1777 ἵνα
836 1751 914 1785 μόνον

127 1799 172 1826 τὸν
183 1799 294 1833 κτίστην
306 1800 360 1829 τοῖς
368 1798 498 1833 κτίσμασι
513 1797 761 1833 συναριθμήσωσιν.
771 1797 826 1832 (15)
843 1796 911 1822 Ἀλλ’

127 1845 317 1872 ἀκουέτωσαν’
335 1845 366 1871 El
387 1845 487 1879 κτίσμα
503 1843 537 1879 ἦν
553 1844 566 1870 ὁ
588 1844 682 1877 Λόγος,
706 1844 735 1869 οὺ
758 1842 912 1877 προσελάμ-

127 1892 190 1918 ϐανε
202 1893 232 1918 τὸ
244 1892 350 1918 κτιστὺν
365 1891 453 1927 σῶμα,
468 1892 511 1918 ἵνα
525 1891 590 1917 αὐτὸ
605 1890 768 1925 ζωοποιήσῃ.
781 1889 849 1915 Ποία
860 1887 913 1924 γὰρ

126 1939 182 1968 τοῖς
194 1937 323 1972 κτίσμασι
339 1936 414 1972 παρά
427 1936 575 1971 κτίσματος
589 1935 666 1961 ἔσται
685 1933 805 1969 βοήθεια,
818 1933 913 1968 δεομέ-

127 1990 173 2008 νου
197 1982 244 2008 καὶ
275 1981 356 2008 αὑτοῦ
382 1981 533 2016 σωτηρίας;
566 1979 635 2006 Ἀλλ’
663 1979 771 2014 ἐπειδὴ,
801 1978 912 2014 κτίστης

127 2025 165 2052 ὢν
180 2025 235 2060 (16)
247 2025 261 2051 ό
274 2025 369 2059 Λόγος,
384 2025 464 2057 αὐτὸς
480 2025 644 2060 δημιουργὸς
660 2024 755 2058 γέγονε
778 2024 832 2050 τῶν
853 2033 911 2050 κτι-

129 2072 239 2107 σμάτων
250 2080 255 2086 ·
267 2072 310 2098 διὰ
326 2071 405 2098 τοῦτο
420 2073 467 2098 καὶ
482 2072 526 2097 ἐπὶ
540 2071 678 2106 συντελείᾳ.
691 2069 745 2096 τῶν
760 2069 864 2096 αἰώνων
881 2070 912 2096 τὺ

128 2118 235 2144 κτιστὸν
249 2118 328 2149 αὐτὸς
353 2118 496 2144 ἐνεδύσατο
511 2117 577 2151 (17),
604 2117 646 2143 ἵνα
668 2116 749 2143 πάλιν
769 2116 859 2147 αὐτὸς,
874 2115 912 2148 ὡς

127 2164 248 2199 κτίστης,
266 2165 436 2200 ἀνακαινίσῃ,
457 2164 504 2189 καὶ
526 2163 676 2198 ἀνσκτῆσαι
698 2162 777 2188 τοῦτο
799 2162 909 2197 δυνηθῇ.

963 1578 1014 1605 pus
1028 1574 1080 1602 est,
1098 1569 1217 1597 Verbum
1232 1577 1339 1604 quoque
1354 1574 1473 1597 creatum
1490 1578 1550 1598 esse
1565 1570 1662 1598 debent
1687 1571 1745 1598 exi-

964 1616 1074 1644 stimare
1088 1625 1094 1643 :
1112 1624 1162 1644 nec
1181 1615 1244 1643 item
1271 1616 1334 1651 quia
1349 1619 1470 1643 creatum
1486 1623 1540 1643 non
1555 1622 1596 1644 est
1613 1608 1744 1650 Verbum,

963 1661 995 1688 de
1010 1661 1069 1695 ejus
1082 1668 1197 1696 corpore
1212 1661 1354 1688 detrahere
1370 1660 1421 1687 sibi
1438 1660 1519 1687 licere
1533 1664 1636 1695 putent.
1655 1660 1746 1695 Siqui-

963 1707 1022 1734 dem
1035 1707 1153 1742 permira
1170 1711 1212 1735 est
1225 1707 1325 1734 mentis
1339 1706 1446 1734 illorum
1461 1706 1633 1741 perversilas,
1650 1714 1703 1741 qua
1717 1710 1745 1734 et

963 1754 1055 1781 omnia
1075 1754 1239 1782 conturbant
1254 1754 1481 1788 permiscentque,
1503 1757 1529 1780 ct
1544 1761 1641 1780 causas
1662 1761 1744 1781 exco-

963 1799 1059 1834 gitant,
1073 1807 1128 1834 quo
1147 1799 1235 1826 solum
1249 1798 1404 1826 Creatorem
1422 1798 1492 1825 inter
1505 1806 1549 1825 res
1563 1803 1668 1826 creatas
1681 1806 1745 1833 pos-

963 1845 1019 1873 sint
1038 1845 1179 1873 collocare.
1199 1845 1298 1872 Verum
1320 1845 1432 1872 audiant
1442 1852 1502 1878 qua:
1517 1852 1611 1872 sumus
1625 1845 1742 1873 dicturi:

963 1893 991 1920 Si
1008 1892 1126 1920 Verbum
1144 1901 1188 1920 res
1210 1897 1300 1920 creata
1324 1896 1406 1924 esset,
1423 1895 1542 1918 creatum
1566 1899 1619 1919 non
1637 1900 1744 1920 assum-

961 1938 1062 1974 psisset
1075 1947 1186 1974 corpus.
1203 1943 1233 1966 ut
1256 1939 1293 1966 illi
1307 1937 1387 1973 732
1411 1937 1493 1964 vitam
1510 1937 1672 1972 impertiret.
1693 1937 1744 1965 Ec-

962 1984 1026 2019 quid
1043 1984 1116 2012 enim
1130 1985 1224 2012 auxilii
1240 1992 1284 2011 res
1297 1988 1386 2011 creata
1404 1982 1443 2009 rei
1456 1987 1552 2011 crealre
1562 1984 1633 2010 ferre
1647 1984 1742 2018 possit,

961 2038 1024 2058 cum
1038 2031 1096 2065 ipsa
1110 2031 1198 2058 salute
1212 2031 1352 2065 indigeat?
1370 2030 1421 2058 Sed
1441 2033 1505 2067 quia
1530 2031 1656 2062 Verbum,
1681 2037 1743 2057 cum

962 2081 1069 2103 creator
1086 2076 1132 2108 sit,
1150 2084 1241 2103 rerum
1262 2084 1414 2105 creatarum
1432 2078 1483 2104 fuit.
1497 2076 1586 2111 opifex
1603 2087 1608 2104 :
1635 2077 1694 2103 idco
1717 2076 1744 2102 in

961 2119 1014 2146 ﬁne
1027 2119 1187 2146 saeculorum
1205 2127 1261 2152 rem
1278 2125 1396 2147 creatam
1415 2120 1512 2152 induit,
1537 2124 1566 2146 ut
1591 2127 1661 2150 eam,
1686 2123 1745 2145 tan-

963 2173 1044 2200 quam
1063 2171 1181 2198 creator,
1208 2166 1353 2193 resarciret
1377 2169 1404 2192 et
1428 2169 1573 2200 repararet.
1599 2163 1654 2192 Nec
1671 2163 1744 2191 enim

127 2210 236 2245 Κτίσμα
248 2211 275 2237 δὲ
293 2210 346 2238 ὑπὸ
359 2210 507 2245 κτίσματος
520 2210 570 2237 οὐκ
587 2210 619 2237 ἄν
636 2218 701 2236 ποτε
718 2209 800 2244 σωθῇ,
818 2209 912 2245 ὥσπερ

965 2218 1009 2237 res
1038 2214 1127 2237 creata
1156 2218 1213 2237 rem
1244 2215 1362 2238 creatam
1394 2216 1484 2246 posset
1516 2211 1616 2239 salvam
1645 2210 1743 2246 facere,

126 2256 185 2283 οὐδὲ
201 2257 252 2283 ὑπὸ
267 2257 414 2292 κτίσματος
429 2257 592 2292 ἐκτίσθησαν
607 2256 641 2282 τὰ
661 2255 807 2291 κτίσματα,
831 2255 855 2281 εἱ
876 2255 912 2290 μὴ

161 2325 172 2340 ⁸
191 2324 285 2352 Matth.
299 2332 372 2356 xxrv,
387 2325 414 2354 ἓ.
452 2325 462 2340 ⁷
483 2324 547 2352 Luc.
566 2332 602 2356 iv,
618 2324 653 2351 ‘26
674 2332 749 2359 seqq.

162 2417 218 2450 (l0)
239 2417 317 2444 Gobl.
333 2421 359 2444 et
376 2417 494 2445 Feb-km.
511 2417 536 2448 1,
547 2417 712 2452 εὐηρέστουν
723 2416 762 2451 τῷ
773 2416 842 2451 Θεῷ.

163 2453 217 2488 (11)
239 2452 284 2479 Sic
297 2453 373 2483 editi.
390 2453 436 2479 sed
454 2451 637 2488 manuscripti
648 2459 696 2486 pro
712 2451 742 2478 τό
757 2452 856 2478 habent
870 2451 911 2484 οὺ,

127 2495 208 2548 (ιὲιιιῐη
220 2488 381 2528 particulam
404 2487 586 2522 Seguerianus
597 2487 667 2514 inl'ra
682 2490 744 2513 ante
759 2495 912 2522 atpoaxuv-q—

127 2531 141 2548 τ
158 2532 171 2548 ν
183 2527 292 2548 omittit.

126 2523 171 2549 τόν
183 2523 292 2549 omittit.

145 2557 218 2618 é(12)
239 2557 322 2584 Basil.
339 2561 366 2585 et
381 2557 535 2592 Anglican.,
552 2557 674 2591 ἐπλάσθη
686 2556 733 2583 καὶ
756 2555 802 2582 τοῦ
824 2556 911 2590 Λόγου

160 2600 246 2618 γονεν.

178 2600 246 2619 ονεν.

127 2601 398 2663 γῆῗέῗὲθςυετῑιιη.
414 2626 497 2663 addit,
510 2627 542 2653 ἐκ
553 2626 668 2662 νεκρῶν,
682 2625 810 2663 omittunt
823 2625 868 2663 alii
885 2629 912 2663 et

126 2661 318 2690 editijlbidem
334 2663 404 2690 idem
416 2667 442 2690 et
456 2662 538 2689 Basil.
553 2661 615 2689 cuni
630 2661 785 2696 Anglican,
797 2661 911 2696 xa‘trnd-

126 2696 168 2739 λίν
180 2698 228 2729 τὰς
238 2700 333 2739 χεῖρας
349 2707 355 2725 :
368 2698 415 2739 alii
429 2705 493 2739 vero
506 2701 533 2739 et
543 2697 619 2737 editi,
631 2695 721 2736 τὰςίξὲ
731 2697 833 2739 χεῖρας.
846 2695 909 2739 Item

128 2730 353 2767 Segueriibidem
368 2733 459 2764 habet,
473 2732 519 2758 éﬁ‘t
531 2731 578 2757 τοῦ
596 2730 712 2766 σταυροῦ
732 2730 780 2767 τὸν
794 2731 842 2766 μὲν
862 2730 909 2767 ἱρ-

126 2775 217 2801 χοντα,
245 2772 272 2794 et
286 2775 349 2795 mox
365 2767 436 2794 idem
453 2772 479 2794 et
495 2766 577 2793 Basil.
597 2774 658 2794 cum
682 2766 835 2800 Anglican.,
859 2766 908 2801 τὴν

125 2802 154 2828 δὲ
162 2803 231 2833 ὁδόν,
241 2807 294 2830 etc.
305 2803 356 2829 Alii
365 2810 430 2829 vero
444 2802 553 2835 etediti,
565 2801 611 2828 τοῦ
621 2805 648 2828 et
665 2801 714 2836 μέν
727 2801 863 2831 omittunt,
879 2805 908 2828 ut

126 2842 154 2865 et
168 2837 312 2866 Basiliens.
325 2842 351 2866 et
363 2838 537 2872 Anglicanus,
552 2837 704 2871 habentque
716 2837 762 2864 καὶ
773 2836 822 2872 τὴν
832 2836 900 2863 ὀδόν.

966 2256 1193 2291 quemadmodum
1213 2265 1262 2284 nec
1279 2265 1322 2284 rcs
1340 2263 1436 2285 creata:
1451 2266 1464 2285 a
1485 2266 1514 2285 re
1526 2261 1614 2284 creata
1640 2256 1744 2291 potuis-

787 2323 798 2339 ⁸
817 2322 894 2350 Joan.
913 2330 950 2355 XI,
966 2323 1010 2349 15.
1048 2322 1059 2337 ⁹
1079 2322 1177 2357 Ephes.
1196 2330 1227 2356 ll,
1242 2323 1259 2349 2

1000 2415 1056 2450 (14)
1077 2414 1122 2442 Sic
1138 2415 1330 2451 Seguerianus.
1347 2416 1400 2443 Alii
1415 2420 1442 2444 et
1461 2416 1525 2443 editi
1546 2415 1622 2443 artic.
1636 2416 1650 2442 ὁ
1665 2415 1744 2442 omit-

963 2454 1031 2477 lunt.

997 2485 1052 2521 (15)
1073 2485 1135 2521 Hagc
1154 2486 1248 2517 verba,
1261 2494 1347 2521 usque
1364 2486 1396 2514 ad
1410 2486 1562 2521 ἀνοικτῆσαι
1577 2485 1687 2521 δυνηθῇ,
1702 2484 1744 2521 ci-

960 2519 1052 2548 tantur
1071 2529 1086 2548 a
1110 2520 1282 2548 Theodoreto
1303 2519 1413 2555 dialogo
1429 2529 1459 2552 n,
1476 2519 1523 2549 sed
1536 2522 1612 2548 velut
1635 2519 1742 2554 erepi-

960 2556 1028 2583 stola
1044 2556 1076 2583 ad
1095 2555 1244 2590 Epictetum
1259 2566 1265 2583 :
1281 2556 1331 2583 nisi
1348 2556 1416 2583 forte
1431 2564 1478 2590 pro
1492 2557 1523 2583 ὲκ
1539 2558 1587 2591 τῆς
1601 2556 1695 2591 αὐτῇς,
1710 2555 1744 2591 le-

960 2591 1077 2625 gendum
1092 2589 1138 2627 sit.
1156 2591 1185 2624 ἐξ
1204 2591 1287 2627 ἄλλης
1298 2589 1451 2627 ἐπιστολῆς,
1466 2595 1496 2618 ut
1513 2589 1636 2627 observat
1649 2589 1742 2627 1⁷81(εὲ-

960 2623 1093 2662 inannus:
1102 2623 1203 2662 Ibidem
1219 2623 1647 2662 ΤΙιέοάοτειυς,’προσελάμϐανεν
1660 2626 1701 2653 ἄν.
1709 2623 1744 2651 Ει

959 2668 1033 2693 mox,
1048 2661 1126 2696 τοῦτο
1142 2661 1269 2696 ζωοποιῇ.

994 2697 1049 2732 (lii)
1070 2695 1151 2732 Easil.
1170 2701 1197 2723 et
1211 2694 1365 2731 Aliglican.,
1378 2694 1548 2732 xtlmnciﬁv.

995 2731 1050 2766 (17)
1070 2730 1266 2763 Theodoretus,
1276 2730 1536 2766 συνεστήσατοξΜοχ
1549 2730 1704 2766 Basiliensis
1717 2734 1742 2757 et

958 2765 1129 2828 2n3liqanus
1141 2766 1222 2799 αὐτὸς
1237 2768 1251 2793 ὁ
1266 2765 1388 2802 κτίστηςζ
1400 2766 1502 2795 Ibidem
1515 2774 1578 2795 mox
1591 2765 1740 2800 Theodon,

978 2809 1044 2828 νακτ
1059 2809 1112 2827 σαι.

978 2809 1112 2828 νακτισαι.
