1954 3041
1642 143 1710 170 I086

101 153 171 182 1085
527 154 699 184 EPIS'I'OLA
717 155 762 183 Al)
781 153 945 182 MAXIMUM
959 130 1218 181 IPHILOSOPHUM.

100 212 249 247 δαιμονίαν.
264 212 301 243 ὡς
311 212 453 248 πρότερον,
474 214 521 240 καὶ
537 213 586 249 τὴν
599 214 727 241 πολύθεον
739 213 829 240 αὐτῶν
841 213 945 245 ἁθεῖαν,
962 212 1010 239 καὶ
1022 211 1084 242 τοὺς
1101 208 1231 238 παλαιοὺς
1244 206 1321 237 θεοὺς
1334 203 1381 231 καὶ
1394 203 1456 233 τοὺς
1475 202 1561 233 νέους,
1582 202 1629 228 καὶ
1647 201 1711 231 τοὺς

100 259 229 295 αἰσχροὺς
250 247 382 294 μύθους...
398 247 499 294 σύγχει
511 259 539 286 δὲ
562 247 669 290 καὶτὰς
684 258 738 285 τῶν
754 258 885 293 αἱρέσεων
904 256 1110 286 ἐπαναστάσεις,
1129 254 1176 280 καὶ
1201 251 1319 286 τοσούτῳ
1343 249 1516 284 θερμότερον,
1538 248 1592 282 ὅσῳ
1612 247 1711 273 πέπον-

101 307 161 338 Θας.
179 307 324 334 Gentilium
339 308 569 342 superstitionem,
585 310 614 333 ut
629 308 714 341 prius,
729 305 850 338 confuta,
862 311 1009 338 eorumque
1022 302 1185 337 impietatem
1198 306 1251 334 qua
1267 298 1367 325 multos
1386 296 1479 323 colunt
1495 295 1577 328 deos;
1591 299 1710 322 veteres-

100 360 154 388 que
167 357 194 380 et
206 357 328 380 recentes
341 353 416 385 deos,
433 359 537 380 necnon
554 339 686 379 obscenas
701 349 854 377 fabulas....
864 348 1065 383 Insurgentium
1082 345 1208 373 similiter
1224 343 1358 370 hzeresum
1373 342 1489 375 impetus
1505 339 1609 374 frange,
1625 346 1711 373 eoque

99 398 191 429 acrius
210 405 264 432 quo
279 405 377 432 passus
395 405 435 426 es.
451 399 516 430 Qum
532 396 636 432 quidem
650 397 678 422 in
696 395 842 422 Maximum
863 394 897 420 ad
911 401 986 428 quem
999 391 1089 419 scribit
1101 389 1272 421 Athanasius,
1290 387 1385 422 optime
1401 385 1532 420 quadram
1545 384 1589 418 qui
1602 392 1648 417 pro
1660 383 1711 417 [ide

100 443 200 471 Christi
212 452 305 479 passas
318 445 415 479 fuerat.
430 427 562 480 Insignem
578 451 677 479 quoque
690 442 728 469 De
743 441 795 469 ﬁde
807 427 937 468 adversus
948 439 1065 465 Arianos
1078 435 1174 463 librum
1186 434 1321 468 scripsisse
1334 430 1450 459 eumdem
1467 430 1624 463 Maximum,
1641 427 1710 456 Gra-

101 493 225 529 tianoque
243 492 388 520 Mediolani
400 492 502 520 dedisse
515 493 641 518 memorat
656 494 763 516 sanctus
777 487 952 522 Hieronymus
964 485 1093 518 Catalogo
1108 483 1272 518 scriptorum
1285 479 1545 508 ecclesiasticorum.

622 626 692 653 ΊῸΥ
714 625 765 651 ΕΝ
786 622 914 650 ΑΓΙΟΙΣ
940 621 1084 647 ΠΑΤΡΟΣ
1106 617 1208 646 ΗΜΘΝ

300 707 616 755 ΑΘΑΝΑΣΙΟΥ
642 701 1101 750 ΑΡΧΙΕΠΙΣΚΟΠΟΥ
1128 694 1539 743 ΑΛΕΞΑΝΔΡΕΙΑΣ

633 798 722 824 ΠΡΟΣ
739 794 896 823 ΜΑΞΙΜΟΝ
911 792 1099 821 ΦΙΛΟΣΟΦΟΝ
1114 790 1182 826 (2i).

137 964 264 1009 S.P.
294 963 352 1008 N.
401 959 721 1007 ATHANASII
759 955 1218 1003 ABCHIEPISCOPI
1255 949 1672 998 ALEXANDRINI

576 1057 630 1087 AD
661 1053 862 1085 MAXIMUM
893 1049 1193 1083 PHILOSOPHUM.

101 1184 145 1220 Τῷ
154 1183 294 1219 ἀγαπητῷ
305 1183 354 1220 καί
361 1181 478 1220 ἀληθῷς
486 1181 682 1220 ποᾷεινςοτάτῳ
694 1181 747 1220 υἱῷ
757 1182 881 1217 Μαξίμῳ

1041 1178 1139 1220 Dilecto
1159 1185 1197 1220 ‘aq
1231 1184 1288 1217 vere
1316 1175 1481 1220 optq‘lissinw
1512 1175 1569 1220 [lilio
1595 1173 1714 1202 Maximo

168 1217 335 1254 φιλοσόφῳ,
344 1217 521 1250 Ἀθανάσιος
534 1217 672 1251 ὲνΚυρίῳ
686 1217 809 1251 χαίρειν.

135 1274 148 1301 Ι
154 1294 161 1301 .
169 1273 302 1309 Ἑντυχὼν
309 1275 364 1305 τοῖς
372 1273 419 1300 νῦν
427 1273 555 1307 γραφεῖσι
564 1272 639 1307 παρὰ
647 1271 704 1303 σοῦ,
714 1272 762 1307 τὴν
772 1271 821 1307 μὲν
831 1272 880 1308 σὴν

101 1320 246 1348 ιὺλάἴειαν
256 1319 429 1354 ἀπεδεξὰμην
438 1318 506 1354 (22),
514 1318 562 1353 τὴν
569 1318 596 1344 δὲ
606 1317 769 1353 προπέτειαν
775 1318 829 1344 τῶν
845 1318 882 1353 μὴ

99 1366 229 1394 νοούντων
239 1366 307 1401 μήτε
315 1365 333 1392 ἃ
339 1365 457 1399 λέγουσι,
472 1364 539 1399 μήτε
547 1363 610 1398 περὶ
618 1363 697 1390 τίνων
703 1363 884 1390 διαϐεϐαιοῦν-

98 1421 154 1444 ται,
172 1412 218 1438 ἐπὶ
233 1412 299 1438 πολὺ
311 1411 461 1446 θαυμάσας,
481 1409 683 1444 ἐϐουλευσάμην
696 1408 802 1444 ἀληθῶς
819 1418 882 1435 σιω-

99 1459 196 1493 πῆσαι.
205 1457 240 1483 Τὸ
249 1456 303 1491 γὰρ
315 1456 360 1482 ἐπὶ
375 1457 431 1487 τοῖς
438 1455 510 1481 οὕτω
519 1455 644 1490 φανεροῖς
651 1454 698 1480 καὶ
707 1454 786 1480 πλέον
795 1453 883 1488 φωτὸς

98 1504 251 1539 λάμπωσιν
261 1501 470 1538 ἀποκρίνασθαι,
492 1501 567 1528 οὐδὲν
589 1501 681 1536 ἕτερόν
701 1501 774 1527 ἐστιν
789 1500 805 1536 ἢ
821 1509 884 1537 προ-

99 1549 196 1584 φάσεις
230 1547 418 1583 ἀναισχυντίας
438 1548 493 1578 τοίς
515 1546 585 1573 οὕτω
605 1546 790 1582 παρανομοῦσι
816 1554 885 1582 παρ-

99 1595 183 1630 έχειν.
200 1595 255 1622 Καὶ
270 1594 348 1621 τοῦτο
372 1594 447 1629 παρὰ
458 1593 505 1619 τοῦ
523 1593 647 1629 Σωτῆρος
674 1592 883 1628 μεμαθήκαμεν.

99 1641 249 1676 Νιψαμένῳ
268 1641 321 1676 γὰρ
343 1640 383 1675 τῷ
401 1639 508 1674 Πιλάτῳ
533 1640 580 1666 καὶ
601 1639 812 1674 καταλαὸομὲνῳ
836 1638 884 1674 τὴν

101 1686 281 1721 συκοφαντίαν
297 1686 351 1713 τῶν
370 1686 430 1712 τότε
447 1685 590 1717 Ἰουδαίων,
604 1685 653 1712 οὐκ
666 1685 705 1711 ἔτι
721 1684 885 1720 ἀπεκρίνατο

98 1731 173 1771 αὐτῷ
188 1733 202 1758 ὸ
214 1731 314 1767 Κύριος
325 1751 332 1763 ,
356 1731 423 1758 ἀλλὰ
440 1730 539 1766 μᾶλλον
554 1729 718 1765 ἐχρημάτιζε
739 1731 772 1766 τῇ
792 1729 885 1756 τούτου

99 1777 220 1813 γυναικὶ,
238 1778 282 1804 ἵνα
299 1778 337 1813 μὴ
354 1778 381 1803 ὲν
396 1777 477 1812 λόγῳ,
494 1776 561 1804 ἀλλὰ
581 1778 617 1802 ὲνι
629 1776 743 1811 δυνάμει
758 1775 886 1810 πιστεύη-

99 1834 145 1851 ται
162 1825 176 1851 ὁ
192 1824 347 1860 κρινόμενος
367 1821 434 1850 εἶναι
451 1823 504 1857 (‘25)
524 1822 599 1853 Θεός,
617 1822 662 1857 Τῷ
681 1822 710 1847 δὲ
721 1822 832 1856 Καϊὰφᾳ
848 1820 885 1856 μὴ

966 1210 1130 1250 philosopho,
1149 1212 1311 1239 Athanasius
1323 1212 1349 1238 in
1362 1211 1473 1237 Domino
1484 1210 1607 1237 salutem.

967 1271 992 1298 I.
1003 1269 1133 1298 Perlectis
1145 1269 1179 1296 iis
1193 1275 1253 1303 quae
1267 1275 1282 1294 a
1298 1272 1323 1294 te
1342 1267 1423 1294 modo
1436 1266 1535 1300 scripta
1551 1269 1624 1298 sunt,
1638 1269 1712 1292 tuam

931 1317 1039 1352 quidem
1051 1314 1200 1343 collaudavi
1210 1314 1346 1348 pietatem;
1358 1312 1403 1340 sed
1414 1312 1587 1339 vehementer
1594 1311 1714 1338 admira—

931 1367 976 1390 tus
984 1361 1126 1389 hominum
1138 1359 1327 1391 temeritatem,
1335 1358 1380 1393 qui
1393 1365 1447 1385 non
1457 1357 1619 1391 intelligunt,
1628 1363 1715 1390 neque

932 1416 993 1444 quae
1013 1408 1161 1442 loquuntur
1177 1412 1266 1439 neque
1279 1404 1313 1431 de
1324 1404 1424 1438 quibus
1440 1403 1573 1430 aﬁirmant
1591 1402 1622 1434 ",
1635 1401 1715 1428 silere

932 1453 1043 1482 omnino
1049 1456 1206 1480 statueram.
1215 1449 1353 1485 Siquidem
1361 1450 1480 1477 det-chus
1487 1452 1541 1476 tam
1549 1447 1715 1475 evidentibus

932 1501 1046 1534 luceque
1059 1499 1117 1534 ipsa
1130 1498 1290 1526 clarioribus
1305 1495 1479 1530 respondere,
1497 1494 1561 1521 nihil
1578 1493 1650 1520 aliud
1671 1497 1714 1519 est
1755 1523 1758 1528 γ

934 1553 1014 1582 quam
1041 1543 1215 1580 impudentiae
1228 1550 1323 1570 ansam
1341 1540 1494 1574 hujusmodi
1516 1538 1646 1574 improbis
1662 1538 1714 1564 ho-

933 1593 1053 1620 minibus
1070 1591 1199 1626 praebere.
1226 1589 1253 1616 Id
1273 1596 1337 1616 vero
1363 1587 1404 1614 vel
1431 1587 1465 1614 ab
1483 1588 1542 1621 ipso
1569 1584 1715 1611 didicimus

936 1637 1089 1664 Salvatore.
1103 1635 1170 1662 Nam
1189 1640 1335 1669 postquam
1350 1631 1454 1658 Pilatus
1477 1636 1574 1656 manus
1594 1628 1714 1659 lavisset,

935 1691 967 1711 ac
992 1679 1332 1710 Judaeorum-calumniam
1361 1674 1565 1707 admisisset“,
1593 1672 1661 1700 nihil
1689 1671 1715 1699 ei

935 1728 1051 1764 amplius
1066 1726 1205 1761 respondit
1227 1724 1367 1754 Dominus,
1394 1722 1440 1750 sed
1457 1721 1547 1756 potius
1566 1720 1625 1754 ejus
1648 1725 1716 1745 uxo-

935 1781 992 1801 rem
1009 1772 1120 1800 oraculo
1137 1771 1158 1787 ”
1176 1770 1291 1802 monuit,
1314 1773 1389 1795 utne
1400 1775 1432 1795 ex
1448 1766 1535 1794 verbis
1551 1765 1598 1792 sed
1617 1772 1649 1791 ex
1667 1771 1716 1798 po-

936 1818 1019 1846 tentia
1044 1817 1078 1849 is,
1094 1816 1140 1851 qui
1164 1815 1346 1850 judicabatur,
1371 1812 1444 1840 Deus
1467 1819 1528 1839 esse
1550 1810 1715 1838 crederetur.
1762 1809 1765 1812 ‘

99 1855 313 1905 ἀποκρινόμενος
334 1869 401 1903 πρὸς
421 1868 468 1904 τὴν
486 1855 617 1903 ιρλυαρίαν
629 1888 637 1900 ,
649 1855 734 1899 »αὐτὸς
748 1868 780 1902 τῇ
799 1855 884 1900 ἐπαγέ

937 1863 1006 1891 Idem
1030 1867 1122 1889 autent
1137 1862 1193 1896 ipse
1206 1861 1251 1896 qui
1267 1859 1335 1887 nihil
1352 1859 1385 1886 ad
1401 1858 1509 1892 Caiphte
1527 1855 1642 1890 ineptias
1673 1861 1717 1881 re-

99 1915 178 1951 γελίᾳ
189 1916 251 1946 τοὺς
270 1915 372 1946 πάντας
384 1915 423 1944 εἰς
437 1913 535 1948 γνῶσιν
551 1914 713 1948 μετήγαγεν.
738 1912 798 1939 Ἐπὶ
817 1911 883 1938 πολὺ

100 1960 165 1995 γοῦν
183 1961 391 1996 ὑπερτιθέμενος
406 1959 453 1986 καὶ
467 1959 536 1994 ὁρῶν
547 1958 595 1993 τὴν
607 1958 662 1985 τῶν
671 1957 884 1992 ἁναιδευομένων

100 2006 276 2042 λογομαχίαν,
303 2006 378 2041 μόλις
403 2005 517 2040 ᾐδέσθην
537 2005 582 2031 τὸν
606 2005 650 2030 σὺν
673 2004 742 2038 ὑπὲρ
758 2003 806 2038 τῆς
820 2003 885 2037 ἁλη-

100 2051 176 2082 θείας
191 2050 270 2086 ζῆλον
282 2071 289 2083 ,
303 2050 350 2076 καὶ
366 2050 540 2085 ὑπηγόρευσα
556 2049 632 2075 οὐδὲν
647 2048 727 2074 πλέον
742 2047 796 2074 τῶν
810 2047 885 2082 παρὰ

102 2096 149 2123 σοῦ
163 2096 321 2132 γραφέντων
333 2115 340 2127 ,
358 2096 390 2122 ἵν’
405 2093 445 2126 οἷς
462 2095 620 2130 ἀντείρηκεν
635 2095 649 2120 ὁ
671 2093 807 2125 ἐναντίος,
821 2092 883 2119 τού-

100 2150 157 2172 τοις
167 2141 259 2167 λοιπὺν
279 2139 398 2171 πεισθεὶς
409 2159 415 2171 ,
438 2139 527 2174 παύσῃ
541 2138 588 2174 τὴν
602 2138 726 2172 γλῶσσαν
739 2137 819 2163 αὑτοῦ
832 2137 885 2163 ἀπὸ

101 2186 198 2217 κακοῦ,
214 2186 260 2212 καὶ
277 2185 351 2220 χείλη
371 2185 452 2211 αὑτοῦ
472 2184 518 2210 τοῦ
535 2184 572 2220 μὴ
589 2183 702 2218 λαλῆσαι
722 2183 806 2209 δόλον.
831 2183 886 2209 Καὶ

100 2231 204 2266 γένοιτο
218 2231 267 2266 μὲν
281 2230 343 2262 τοὺς
356 2229 492 2262 τοιούτους
505 2229 601 2265 μηκέτι
615 2229 740 2256 ὀνειδίσαι
752 2229 819 2264 μετὰ
831 2229 886 2255 τῶν

102 2276 305 2312 παροδευόντων
318 2275 378 2301 τότε
395 2274 527 2301 Ἰουδαίων
541 2274 586 2300 τὸν
597 2274 767 2309 κρεμάμενον
782 2273 827 2299 ἐπὶ
843 2273 887 2305 ξύ-

102 2322 159 2353 λου,
182 2322 211 2348 Εἱ
224 2321 286 2353 Υἱός
302 2322 359 2347 ἐστι
373 2320 419 2347 τοῦ
433 2320 510 2353 Θεοῦ,
529 2319 608 2346 σώσει
623 2321 718 2347 αὐτόν·
733 2320 779 2346 ἐὰν
792 2320 820 2346 δὲ
833 2320 886 2355 ἄρα.

104 2367 171 2402 μηδὲ
187 2367 272 2398 οὓτως
285 2365 484 2398 καταδύωνται,
501 2365 568 2392 ἀλλὰ
594 2365 626 2391 σὺ
642 2366 690 2401 τῆς
708 2365 886 2400 ὰποστολικῆς

103 2411 279 2447 μνημονεύων
289 2409 475 2445 παραγγελίας
482 2429 488 2441 ,
500 2409 647 2443 αἱρετικὸν
653 2409 808 2443 ἄνθρωπον
813 2410 888 2444 μετὰ

99 2458 175 2492 μίαν
186 2457 234 2483 καὶ
246 2456 388 2490 δευτέραν
398 2456 559 2482 νουθεσίαν
570 2455 724 2489 παραιτοῦ,
735 2455 829 2488 εἰδὼς,
843 2456 887 2482 ὅτι

101 2503 297 2537 ἐξέστραπται
319 2504 336 2529 d
359 2502 499 2534 τοιοῦτος,
520 2502 569 2528 καὶ
589 2501 747 2536 ἁμαρτάνει
770 2500 812 2527 ὢν
833 2503 885 2528 αὐΔ

102 2547 319 2581 τοκατὰκριτος.
347 2547 378 2573 Ei
396 2547 445 2582 μὲν
461 2546 516 2582 γὰρ
530 2547 658 2581 ’Έλληνες
679 2546 696 2581 ἦ
709 2546 762 2572 τῶν
781 2547 888 2573 Ἰουδαῖ-

101 2592 202 2625 ζόντων
217 2594 273 2628 (2M)
293 2593 361 2620 εἰσὶν
375 2593 400 2619 οὶ
421 2593 455 2619 τὰ
476 2593 587 2619 τοιαῦτα
606 2592 767 2628 τολμῶντες,
783 2593 821 2624 ὡς
835 2593 884 2628 μὲν

139 2650 160 2664 ³³
180 2650 188 2676 1
204 2649 275 2677 Tim.
293 2658 311 2679 ι,
325 2649 351 2675 7.
401 2650 421 2666 “
442 2649 536 2676 Matth.
550 2657 634 2682 xxv”,
649 2650 693 2676 24.
742 2650 764 2666 ¹⁵
784 2650 849 2678 ibid.
864 2651 906 2678 I9.

104 2692 190 2714 xxvn,
208 2684 251 2711 40.
292 2685 313 2700 "
333 2684 387 2712 Tit.
404 2693 445 2716 ut,
463 2685 505 2716 10,
518 2685 561 2711 Η.

139 2731 194 2766 (21)
215 2732 319 2766 Scripta
336 2740 407 2760 anno
415 2733 521 2759 circiter
533 2732 728 2763 57I.—Basil.,
738 2733 884 2760 ἐπίσκοπον

122 2774 154 2793 ro
169 2766 320 2800 φιλόσοφον.
336 2767 363 2794 1η
379 2767 545 2802 Segueriano
562 2767 652 2795 nullus
664 2768 811 2802 prmﬁgitur
826 2769 887 2795 titu-

115 2803 300 2841 usLsed~alii§
316 2803 426 2829 omissis
443 2802 639 2841 incipitut',__'ctp
654 2802 798 2841 ἀγαπητῷ,
816 2807 868 2841 etc.

140 2828 196 2872 θῇ)
218 2835 264 2864 Sic
281 2828 392 2872 Segucr.
409 2828 435 2865 et
449 2828 600 2865 Bas'iliVAlii
617 2828 722 2866 v'ero'et
734 2828 810 2871 tiditi,
821 2828 884 2864 is}-

935 1909 1092 1945 sponderat,
1107 1907 1289 1943 promissione
1304 1913 1352 1933 sua
1364 1912 1459 1932 omnes
1472 1903 1504 1930 ad
1520 1903 1563 1930 sui
1585 1901 1717 1937 cognitio-

935 1963 996 1982 nem
1013 1954 1134 1981 traduxit
1147 1954 1179 1979 “.
1193 1951 1262 1979 Hinc
1276 1952 1359 1987 igitur
1373 1950 1418 1977 diu
1432 1952 1489 1985 ipse
1502 1948 1607 1980 distuli,
1617 1947 1718 1981 vixque

937 2001 1057 2032 tandem,
1070 2007 1166 2027 eorum
1190 2002 1343 2026 commotus
1366 1995 1532 2030 impudentia
1548 1999 1575 2021 ct
1594 1993 1717 2028 loquaci-

936 2051 1000 2079 tate,
1023 2051 1068 2073 tuo
1082 2053 1130 2080 pro
1145 2045 1258 2072 veritate
1272 2042 1341 2071 cessi
1353 2041 1454 2070 ardori.
1470 2040 1542 2067 Nihil
1555 2046 1642 2068 tamen
1656 2039 1717 2073 plus

935 2091 1034 2119 dictavi
1051 2091 1084 2118 iis
1110 2097 1170 2124 qua:
1187 2097 1201 2116 a
1218 2094 1244 2116 te
1268 2089 1369 2123 scripta
1383 2092 1457 2120 sunt,
1475 2091 1505 2114 ut
1521 2086 1622 2121 quibus
1636 2092 1718 2118 repu~
1765 2092 1768 2094 τ

936 2137 1027 2173 gnavit
1045 2135 1228 2166 adversarius,
1247 2135 1343 2162 iisdem
1369 2133 1426 2168 jam
1446 2139 1596 2167 persuasus
1624 2129 1717 2165 prohi-

936 2183 998 2210 beat
1015 2183 1134 2217 linguam
1151 2189 1228 2208 suam
1244 2188 1258 2207 a
1274 2180 1356 2212 malo,
1372 2184 1400 2206 et
1413 2179 1483 2206 labia
1498 2186 1546 2205 sua
1558 2185 1591 2204 ne
1603 2177 1718 2211 loquan-

938 2233 980 2255 tur
995 2228 1087 2255 dolum
1105 2227 1137 2254 ".
1164 2225 1274 2253 Utinam
1290 2233 1352 2253 vero
1367 2232 1421 2252 non
1446 2224 1562 2259 amplius
1573 2229 1634 2250 cum
1650 2229 1719 2256 pra:-

936 2274 1107 2302 tereuntibus
1119 2276 1186 2300 tunc
1199 2271 1299 2299 Judaeis
1318 2278 1451 2305 suspenso
1474 2270 1501 2296 in
1519 2276 1600 2296 cruce
1622 2274 1718 2301 expro-

937 2320 1027 2352 brent,
1047 2317 1076 2345 Si
1092 2317 1178 2345 Filius
1202 2316 1251 2343 Dei
1267 2321 1321 2349 est,
1334 2317 1454 2350 seipsum
1468 2315 1573 2342 salvum
1594 2312 1673 2340 faciet
1685 2312 1717 2338 “.

937 2365 1014 2399 Quod
1030 2365 1051 2392 si
1062 2372 1110 2392 nec
1119 2364 1159 2391 sic
1168 2363 1228 2390 illos
1237 2371 1292 2390 suae
1303 2362 1424 2389 audaciae
1436 2361 1545 2396 pudeat,
1556 2364 1582 2386 tu
1593 2357 1719 2394 praecepti

937 2409 1078 2445 apostolici
1093 2415 1207 2441 memor,
1235 2408 1385 2434 hwreticum
1398 2407 1528 2433 hominem
1535 2409 1592 2440 post
1606 2407 1719 2431 unamet

937 2454 1077 2482 secundant
1101 2453 1291 2488 surreptionem
1310 2453 1407 2486 devita,
1427 2452 1509 2478 sciens
1529 2451 1591 2486 quia
1610 2449 1718 2476 subver-

938 2510 982 2528 sus
997 2507 1036 2528 est
1050 2502 1095 2536 qui
1112 2500 1242 2534 ejusmodi
1264 2504 1313 2531 est,
1332 2504 1355 2525 et
1380 2498 1522 2532 delinquit,
1536 2505 1595 2523 cum
1610 2497 1644 2523 sit
1657 2503 1718 2530 pto-

937 2549 996 2584 prio
1017 2548 1121 2583 judicio
1136 2547 1325 2574 condemnatus
1339 2546 1371 2572 ".
1387 2544 1453 2572 Nam
1480 2544 1502 2571 si
1527 2543 1640 2579 gentiles
1655 2546 1718 2570 sunt

936 2597 984 2620 aut
996 2601 1028 2620 ex
1052 2593 1253 2620 Judaizantium
1271 2598 1385 2618 numero
1407 2590 1454 2625 qui
1469 2589 1535 2616 talia
1551 2588 1661 2618 audent,
1680 2587 1718 2614 illi

959 2651 981 2666 ¹⁶
997 2650 1092 2677 Matth.
1103 2657 1176 2682 xxvi,
1191 2648 1234 2676 63.
1275 2648 1295 2663 ¹⁷
1315 2647 1387 2675 Psal.
1403 2654 1500 2678 xxxnt,
1516 2646 1541 2672 i.
1581 2645 1603 2661 "
1621 2645 1716 2673 Matth.

938 2731 1104 2772 ξάμην.Μοι
1112 2739 1145 2771 ex
1160 2730 1270 2765 chuer.
1280 2729 1438 2764 particulam
1452 2728 1488 2763 μή
1503 2728 1530 2754 in
1546 2727 1626 2755 editis
1634 2727 1717 2755 omis-

938 2776 996 2795 sam
1013 2771 1192 2794 reslttmmus.

973 2802 1029 2836 (25)
1049 2797 1124 2836 Εἶναι
1140 2801 1217 2828 abest
1232 2808 1247 2826 a
1261 2799 1369 2836 prlcr.
1386 2803 1412 2836 et
1429 2797 1540 2836 tie-I51.

972 2832 1027 2871 (2ιῖ
1048 2835 1240 2871 Seguerianus,
1255 2834 1307 2861 τῶν
1322 2833 1369 2861 νῦν
1390 2832 1590 2864 Ίουδαῖζόντων.
