1954 3041
112 132 179 160 1039

582 130 749 158 EPISTOLA
766 131 812 158 AD
830 130 994 160 MAXIMUM
1013 131 1270 161 PHILOSOPHUM.

1656 135 1726 163 £090

109 197 162 223 τος
191 187 240 214 καὶ
266 187 416 221 ἀληθείας.
436 187 469 212 Ἀ
492 185 546 221 γὰρ
565 185 609 212 διὰ
630 186 677 212 τοῦ
699 185 824 220 σώματος
845 186 888 211 ύπ-

945 187 1041 215 demus
1057 187 1168 222 gloriam
1181 188 1249 222 ejus,
1269 188 1380 224 gloriam
1397 189 1474 223 quasi
1490 189 1624 225 Uuigeuiti
1637 200 1653 218 a
1671 191 1726 219 Pa-

109 235 211 270 έμεινε,
229 232 315 260 ταῦτα
335 232 373 264 ὠς
394 231 460 264 Θεὸς
480 231 646 266 ὲμεγάλυνε·
667 232 715 258 καὶ
737 231 830 257 ὲπείνα
846 231 895 266 μὲν

110 280 202 316 σαρκὶ,
221 278 318 317 θεῖκῷς
339 278 367 305 δὲ
391 279 453 309 τοὺς
468 277 618 309 πεινῶντας
636 276 774 313 ὲχόρταζε.
803 277 857 304 Καὶ
870 277 894 303 εί

110 325 312 357 σκανδαλίζεταί
336 333 378 355 τις
395 325 441 350 ἐπὶ
459 325 516 355 τοῖς
541 325 722 358 σωματικοῖς,
746 322 895 349 πιστευέτω

109 372 151 405 ἐφ’
168 367 208 402 οἷς
223 371 237 396 ὁ
255 369 320 401 Θεὸς
337 368 490 404 ἐργάζεται.
505 367 672 395 Πυνθάνεται
687 367 742 402 γὰρ
757 366 896 402 ἀνθρωπί-

108 425 171 449 νως,
185 415 235 443 ποῦ
247 414 372 451 Λάζαρος
388 416 485 446 κεῖται,
507 414 607 449 ἐγείρει
627 414 656 440 δὲ
677 413 770 439 τοῦτον
787 412 894 444 θεῖκῶς.

109 462 190 489 Ὅθεν
218 461 284 497 μηδὲ
300 461 405 495 γελάτω
427 469 469 492 τις
492 459 578 493 λέγων
598 459 701 486 παιδίον
723 459 770 485 καὶ
786 458 895 494 ἡλικίαν

107 506 257 543 ὀνομάζων,
277 506 325 532 καὶ
341 505 469 540 αῠξησιν,
488 505 534 531 καὶ
552 506 648 539 φαγεῖν
660 523 667 536 ,
683 504 730 531 καὶ
744 505 814 531 πιεῖν
825 523 833 537 ,
850 504 895 531 καὶ

107 553 220 584 παθεῖν,
235 553 278 579 ἶνα
294 551 348 587 μὴ,
370 551 405 577 τὰ
426 551 480 578 ῐδια
501 550 547 577 τοῦ
575 551 698 585 σώματος
719 550 894 586 ἀρνούμενος,

106 598 258 634 ἀρνήσηται
271 596 359 623 τέλεον
378 595 425 622 καὶ
437 595 486 630 τὴν
501 595 532 622 δι’
549 596 621 630 ἡμᾶς
636 595 782 630 ἐπιδημίαν
802 595 894 623 αὑτοῦ.

106 643 162 669 Καὶ
177 642 270 678 ὥσπερ
282 642 332 668 οὐκ
345 641 491 677 ἀκολουθίᾳ.
506 641 612 675 φύσεως
627 640 769 676 ἄνθρωπος
782 641 896 677 γεγένη-

106 698 162 720 ται,
178 688 264 720 οὕτως
280 687 424 714 ἀκόλουθον
438 684 472 722 ἦν
493 687 573 722 σῶμα
599 686 714 713 λαϐόντα
737 687 818 714 αὐτὸν
839 687 891 714 δει-

107 734 203 762 κνύναι
218 734 251 761 τὰ
273 733 326 760 ῐδια
340 734 452 765 τούτου,
472 732 514 759 ἵνα
532 732 569 768 μὴ
590 734 605 768 ἠ
630 732 763 767 φαντασία
776 731 823 758 τοῦ
838 732 894 768 (51)

105 780 256 815 Μανιχαίου
281 780 414 815 κρατήσῃ.
447 779 605 805 Ἀκόλουθον
629 779 657 805 δὲ
681 778 762 806 πάλιν
782 777 816 814 ἦν
842 788 895 805 σω-

107 826 228 862 ματικῶς
257 825 338 852 αὑτὸν
363 824 565 861 χρηματίζοντα
591 825 628 861 μὴ
653 825 754 860 κρύψαι
782 825 817 852 τὰ
843 825 893 861 τῆς

946 236 993 263 tre,
1015 232 1120 266 plenum
1135 233 1230 267 gratim
1255 239 1280 260 et
1302 235 1419 262 veritatis
1437 235 1470 262 ".
1497 234 1562 268 Quae
1580 237 1653 264 enim
1677 245 1727 272 per

945 285 1044 313 corpus
1069 279 1205 312 toleravit,
1230 281 1289 308 haec
1304 281 1410 313 eadem,
1433 285 1463 308 ut
1484 281 1567 314 Deus,
1585 284 1727 319 magniﬁce

944 325 1094 351 exornavit.
1121 324 1190 353 Hinc
1207 333 1288 353 carne
1304 327 1413 360 quidem
1431 328 1570 355 esuriebat
1584 349 1591 361 ,
1614 335 1641 356 al.
1663 338 1728 357 esu—

944 369 1045 397 rientes
1063 371 1191 404 pascebat
1210 375 1339 406 tanquam
1362 371 1443 399 Deus.
1472 371 1549 400 Unde
1569 373 1592 401 si
1609 375 1651 401 cui
1668 383 1727 402 cor—

944 421 1026 449 porea
1053 415 1112 449 ejus
1137 420 1197 443 acta
1218 416 1382 444 oﬂ‘endiculo
1410 423 1484 451 sunt,
1501 427 1535 445 ex
1559 419 1602 446 his
1619 428 1680 455 quae
1698 425 1728 447 ut

945 458 1017 486 Deus
1030 460 1096 494 agit,
1117 461 1228 488 credere
1247 461 1314 488 nihil
1328 466 1481 489 cunctetur.
1501 462 1624 498 Namque
1643 465 1727 492 inter-

945 509 1022 539 rogat
1036 506 1143 540 quidem
1164 510 1193 534 ut
1210 507 1302 540 homo,
1323 507 1368 534 ubi
1393 507 1482 541 jaceat
1508 508 1628 537 Lazarus
1647 530 1655 542 ,
1679 511 1726 538 sed

945 548 1033 582 ipsum
1049 548 1156 576 utDeus
1171 550 1205 577 ad
1222 550 1304 577 vitam
1320 556 1430 580 revocat
1447 551 1480 578 ¹⁰.
1492 551 1577 580 Nemo
1592 546 1674 589 igitur
1686 555 1725 581 iro

944 593 1036 621 ridens
1050 594 1160 627 obiiciat
1176 602 1290 629 puerum
1315 603 1377 622 eum
1402 595 1485 623 fuisse
1507 602 1640 632 maleque
1667 607 1727 626 crew

945 635 1028 671 visse,
1044 640 1234 673 manducasse,
1262 640 1364 668 bibisse
1389 646 1415 668 et
1439 648 1550 676 passum
1568 649 1636 673 esse,
1654 651 1688 671 ne
1702 644 1725 671 si

943 693 975 713 ea
989 694 1049 720 qua:
1065 686 1188 721 corporis
1200 686 1306 721 propria
1334 691 1397 714 sunt
1409 688 1556 720 negaverit,
1575 689 1682 723 penitus
1698 698 1727 717 e-

944 731 1007 758 tiam
1022 735 1100 765 neget
1115 731 1175 765 ejus
1196 735 1306 765 propter
1322 739 1372 758 nos
1397 732 1552 759 adventum.
1573 732 1613 760 Ac
1632 742 1727 768 quem-

942 775 1089 804 admodum
1105 784 1158 803 non
1173 781 1303 804 consueto
1318 783 1420 804 natura:
1433 778 1529 805 ordine
1542 778 1623 806 homo
1639 779 1726 807 factus

943 827 995 854 est,
1014 823 1050 850 ita
1077 823 1204 850 convenit
1231 823 1332 858 ipsum,
1359 831 1474 858 corpore
1498 830 1649 859 assumpto,
1666 826 1726 860 ejus

105 858 247 907 θεότητος,
275 870 318 897 ἵνα
449 858 627 904 Σαμοσατευς
652 858 788 906 πρόφασιν
812 858 888 906 εΰρη,

942 869 1122 904 proprietates
1145 869 1171 902 in
1190 877 1219 896 se
1235 869 1374 903 exhibere,
1393 874 1422 897 ut
1443 878 1478 897 ne
1502 871 1563 898 licta
1586 858 1726 899 Manichmi

104 916 248 952 ἄνθρωπον
270 916 350 943 αὑτὸν
374 916 478 950 λέγων,
504 916 542 948 ὠς
564 915 642 943 ἀλλον
665 915 728 942 ὄντα
751 915 826 952 παρὰ
846 916 892 943 τὸν

103 960 171 986 Θεὸν
181 960 276 994 Λόγον.

942 915 1094 941 incarnatio
1121 915 1176 941 vim
1202 915 1346 943 obtineret.
1375 914 1482 943 Rursus
1507 924 1572 944 vero
1593 925 1643 952 par
1663 926 1725 945 eum

941 965 999 987 erat
1011 960 1048 987 ita
1066 966 1126 987 sese
1142 968 1256 995 corpore
1270 961 1424 993 ostendere,
1443 966 1472 988 ut
1495 970 1556 997 quae
1571 963 1725 992 divinitatis

102 1007 213 1042 propria
226 1011 290 1034 sunt
307 1014 361 1034 non
377 1007 538 1040 occultaret,
559 1015 593 1035 ne
609 1007 794 1036 Samosatenst
807 1013 879 1036 esset
894 1008 1002 1036 errandi
1017 1015 1112 1041 causa,
1126 1008 1173 1043 qui
1198 1016 1294 1043 nempe
1314 1009 1449 1036 hominem
1475 1017 1537 1037 eum
1561 1018 1621 1038 esse
1646 1016 1727 1047 atque

103 1054 188 1081 alium
201 1061 216 1081 a
234 1053 322 1082 Verbo
338 1055 415 1082 dixit.

137 1101 164 1128 4.
184 1101 276 1128 Ταῦτα
301 1102 391 1129 τοίνυν
417 1103 557 1130 κατανοῶν
580 1104 594 1130 ὁ
617 1103 740 1135 ἄπιστος,
771 1103 888 1139 μαθέτω,

100 1148 143 1175 ὅτι
172 1148 270 1184 βρέφος
296 1148 345 1183 μὲν
369 1146 403 1184 ἦν
425 1150 471 1175 επὶ
497 1149 620 1184 φάτνης,
647 1149 709 1181 τοὺς
735 1149 763 1176 δὲ
786 1149 889 1184 μάγους

101 1194 219 1226 ὑπέταξε
240 1195 477 1230 προσκυνούμενος
507 1195 552 1221 ὑπ’
576 1195 682 1221 αὐτῶν·
712 1195 759 1221 καὶ
786 1195 898 1225 παιδίον,

101 1241 153 1276 μὲν
169 1242 209 1272 εἰς
221 1240 356 1274 Αἴγυπτον
379 1241 514 1276 κατῆλθε,
533 1241 567 1267 τὰ
591 1241 620 1267 δὲ
642 1241 818 1276 χειροποίητα
839 1241 890 1276 τῆς

99 1286 321 1322 εἰδωλολατρείας
329 1287 487 1322 κατήργησε
498 1295 504 1301 ·
519 1287 566 1313 καὶ
581 1287 784 1322 ἐσταυρωμένος
797 1288 888 1323 σαρκὶ,

98 1333 215 1369 νεκροὺς
237 1334 269 1360 ὲκ
296 1332 395 1359 πολλοῦ
421 1333 517 1368 χρόνου
543 1333 678 1365 σαπέντας
702 1333 757 1370 (3‘2)
784 1333 887 1370 ἤγειρε.

98 1379 155 1406 Καὶ
175 1378 308 1405 δέδεικται
331 1379 429 1410 πᾶσιν,
456 1379 497 1405 ὅτι
522 1378 553 1404 ού
571 1379 604 1404 δι’
627 1378 737 1411 ἑαυτὸν,
765 1379 832 1406 ἀλλὰ
855 1379 889 1406 δι’

98 1426 174 1460 ἡμᾶς
190 1424 319 1460 ὑπέμεινε
336 1425 434 1457 πάντα,
449 1425 483 1452 ἶν’
498 1425 587 1460 ἡμεῖς,
604 1426 660 1456 τοῖς
681 1425 785 1452 ἐκείνου
802 1425 889 1461 παθή-

98 1479 183 1507 μασιν
195 1471 327 1498 ἀπάθειαν
344 1471 392 1498 καὶ
413 1471 565 1507 ἀφθαρσίαν
582 1470 767 1507 ἐνδυσάμενοι,
782 1471 887 1508 διαμεί-

96 1525 189 1552 νωμεν
202 1517 241 1548 εις
258 1516 331 1552 ζωὴν
346 1516 463 1544 αἰώνιον.

125 1563 161 1592 ’5,
185 1563 277 1590 Ταῦτα
300 1563 328 1590 δέ
355 1571 396 1589 σοι
415 1563 555 1598 συντόμως
579 1565 610 1590 ὲκ
631 1563 687 1590 τῶν
710 1562 781 1595 σῶν,
797 1561 888 1594 καθὼς

96 1611 243 1646 προεῖπον,
268 1609 415 1645 δεξάμενος
438 1609 624 1645 ύτιηγόρευσα,
650 1609 726 1636 οὐδὲν
745 1608 823 1636 πλέον
840 1609 887 1635 ἐπ-

95 1655 316 1692 εξεργασάμενος
337 1655 392 1691 (55)
406 1675 413 1687 ,
434 1655 501 1682 ἀλλὰ
525 1655 606 1691 μόνον
625 1656 656 1682 τὸ
671 1655 736 1691 περὶ
753 1654 800 1681 τοῦ
814 1654 887 1682 θείου

97 1703 217 1738 σταυροῦ
235 1702 441 1738 μνημονεύσας,
465 1703 508 1728 ἵνα
524 1703 553 1729 ὲν
578 1699 618 1734 οἷς
642 1702 888 1738 ἐσκανδαλίσθησαν

96 1749 124 1776 οι
140 1748 277 1784 ὀλίγωροι,
295 1749 323 1775 ὲν
340 1747 443 1780 τούτοις
462 1747 722 1784 μεταπαιδευθέντες
738 1748 888 1783 προσκυνή-

97 1802 167 1821 amat
180 1794 226 1820 τὸν
235 1794 449 1830 ἐσταυρωμένον.
468 1794 504 1820 Σὺ
517 1793 545 1820 δὲ
555 1793 673 1829 γνησίως
684 1794 747 1825 τοὺς
756 1793 887 1825 ἀπίστους

96 1839 193 1865 πεῖθε·
207 1839 277 1874 τάχα
292 1847 349 1871 πως
371 1839 426 1865 ἀπὸ
447 1839 583 1873 ἀγνωσίας
598 1838 654 1874 (54)
678 1839 718 1870 είς
741 1838 887 1872 ἐπίγνωσιν

96 1884 209 1916 ἔλθωσι,
227 1886 275 1912 καὶ
292 1884 456 1912 πιστεύσωσι
473 1884 573 1916 καλῶς.
589 1885 645 1911 Καὶ
660 1885 684 1911 εἰ
701 1884 747 1911 καὶ
761 1885 886 1920 αὐτάρκη

95 1930 169 1958 αύτά
184 1931 218 1957 τὰ
232 1930 307 1966 παρὰ
326 1929 373 1957 σοῦ
386 1929 536 1966 γραφέντα,
553 1930 627 1964 ὅμως
643 1929 821 1964 ὑπομνήσεως
833 1929 887 1956 ἓνε-

96 1985 146 2004 κεν
158 1976 227 2011 πρὸς
242 1976 305 2008 τοὺς
319 1975 485 2010 φιλονείκους
499 1975 653 2011 προσθεῖναι
671 1975 718 2001 καὶ
736 1974 823 2001 ταῦτα
836 1983 887 2005 κα-

95 2021 143 2048 λόν
155 2031 162 2037 ·
189 2022 231 2048 ἴνα
255 2021 292 2057 μὴ
312 2021 350 2053 ὡς
372 2021 555 2056 ἐλεγχόμενοι,
576 2019 606 2053 ἐξ
626 2017 664 2047 ὧν
678 2019 884 2055 τετολμήκασιν,

97 2067 299 2103 αῑσχυνθῶσιν,
315 2066 371 2093 ἀλλ’
385 2066 423 2098 ὡς
444 2065 714 2102 ύπομιμνησκόμενοι
739 2065 776 2101 μὴ
794 2065 887 2092 ἐπιλά-

96 2114 197 2142 θωνται
221 2114 270 2149 τῆς
296 2112 434 2149 ἀληθείας.
458 2111 600 2147 Κρατείτω
615 2111 670 2147 γὰρ
686 2111 719 2138 τὰ
741 2112 769 2137 ἐν
785 2111 886 2147 Νικαίᾳ

976 1101 1002 1128 4.
1021 1099 1083 1128 Ηιγο
1108 1099 1191 1135 igitur
1215 1100 1368 1136 intelligens
1395 1100 1524 1136 inﬁdelis,
1546 1103 1635 1131 discat
1649 1104 1725 1132 illum

942 1147 1072 1175 infantem
1094 1147 1203 1181 quidem
1220 1146 1342 1182 jacuisse
1355 1147 1381 1174 in
1395 1149 1538 1183 praesepio,
1555 1150 1602 1176 sed
1619 1157 1724 1185 magos,

941 1200 958 1220 a
976 1193 1076 1228 quibus
1087 1192 1219 1219 adoratus
1232 1196 1284 1224 est,
1297 1193 1349 1219 sibi
1363 1193 1536 1227 subdidisse;
1553 1194 1640 1222 discat
1660 1203 1726 1230 pue-

941 1246 1002 1266 rum
1017 1245 1079 1265 eum
1092 1237 1264 1265 descendisse
1278 1238 1306 1264 in
1320 1237 1479 1274 Egyptum,
1493 1240 1539 1266 sed
1565 1240 1725 1267 idololatriae

940 1284 1086 1312 simulacra
1100 1284 1261 1311 deturbasse
1275 1292 1283 1317 ;
1311 1282 1398 1311 discat
1414 1292 1494 1312 carne
1509 1285 1617 1320 quidem
1636 1287 1725 1313 eruci-

940 1330 1024 1358 ﬁxum
1039 1331 1126 1365 ipsum
1144 1337 1214 1362 esse,
1232 1333 1260 1356 at
1276 1334 1398 1357 mortuos
1418 1331 1503 1358 multo
1523 1331 1580 1366 jam
1602 1336 1725 1367 tempore

940 1380 1086 1411 corruptos
1101 1375 1296 1403 exsuscitasse.
1312 1375 1434 1411 Denique
1455 1377 1545 1411 palam
1563 1377 1666 1407 factum
1682 1384 1725 1406 est

940 1422 1030 1458 ipsum
1043 1429 1097 1448 non
1111 1426 1221 1456 propter
1238 1427 1279 1455 βε,
1292 1421 1338 1449 sed
1358 1427 1467 1458 propter
1478 1431 1528 1451 nos
1541 1424 1632 1452 omnia
1641 1426 1724 1455 susti-

937 1469 1042 1500 nuisse,
1051 1473 1080 1495 ut
1088 1475 1138 1495 nos
1146 1468 1205 1502 ejus
1214 1468 1387 1502 passionibus
1396 1469 1639 1504 impassibilitatem
1651 1471 1677 1500 ει
1686 1472 1724 1499 in-

898 1518 919 1547 c
936 1513 1137 1548 corruptionem
1147 1513 1408 1544 induentes".vitam
1420 1516 1573 1544 viveremus
1583 1520 1722 1545 aeternam.

973 1559 1000 1586 5.
1016 1559 1078 1587 llaec
1093 1564 1183 1587 autem
1197 1559 1325 1593 breviter,
1341 1568 1374 1587 ex
1400 1560 1464 1595 tuis,
1478 1565 1508 1588 ut
1524 1562 1591 1595 dial,
1611 1568 1723 1590 mutua-

939 1610 994 1639 tus,
1010 1606 1129 1639 dictavi,
1157 1607 1258 1641 quibus
1282 1607 1349 1634 nihil
1368 1607 1441 1634 aliud
1463 1607 1528 1635 duxi
1551 1602 1721 1642 addendum,

938 1653 992 1680 nisi
1015 1652 1088 1687 quod
1111 1652 1196 1679 solius
1217 1653 1307 1680 crucis
1326 1653 1507 1686 meminerim,
1522 1658 1552 1681 ut
1567 1663 1627 1689 qua:
1642 1655 1721 1682 incu-

937 1697 1020 1726 riosis
1034 1698 1162 1725 seandalo
1178 1697 1298 1731 fuerunt,
1313 1698 1356 1725 his
1366 1698 1444 1733 ipsis,
1457 1703 1561 1726 mutata
1573 1701 1721 1733 sententia,

938 1744 1038 1772 adduci
1052 1744 1159 1779 possint
1184 1749 1214 1771 ut
1234 1744 1403 1772 Cruciﬁxum
1423 1745 1546 1772 adorent.
1572 1745 1612 1772 Tu
1630 1751 1720 1774 autem

938 1788 1060 1816 inﬁdeles
1084 1789 1136 1816 rite
1161 1788 1276 1824 perdoce
1292 1798 1299 1816 :
1316 1789 1386 1817 forte
1402 1790 1474 1818 enim
1491 1790 1615 1818 futurum
1631 1797 1674 1820 est
1691 1797 1721 1819 ut

937 1834 1032 1862 relicta
1056 1834 1163 1862 inscitia
1174 1834 1208 1862 ad
1221 1835 1343 1864 veritatis
1363 1837 1547 1871 cognitionem
1562 1839 1721 1872 perveniant

937 1885 1063 1915 recteque
1077 1881 1200 1908 credant.
1225 1881 1347 1909 Tametsi
1368 1890 1432 1910 vero
1445 1884 1512 1912 satis
1530 1889 1593 1911 sunt
1608 1892 1668 1920 quae
1692 1889 1721 1912 tu

937 1925 995 1960 ipse
1009 1925 1153 1961 scripsisti,
1167 1926 1239 1954 haud
1254 1927 1288 1954 ab
1303 1935 1332 1955 re
1352 1932 1443 1955 tamen
1459 1929 1538 1956 fuerit
1554 1929 1612 1958 haec
1624 1931 1721 1964 admit:

936 1971 1050 1999 nitionis
1061 1980 1154 2005 causa,
1169 1977 1280 2008 propter
1296 1973 1430 2009 litigiosos
1449 1975 1510 2002 illos
1523 1975 1648 2003 homines
1671 1977 1721 2005 ad:

936 2017 1061 2051 didisse;
1088 2022 1118 2045 ut
1142 2019 1222 2054 735
1247 2019 1350 2047 scilicet
1370 2027 1423 2047 non
1448 2022 1527 2056 quasi
1543 2022 1578 2049 ob
1600 2030 1643 2054 ea,
1658 2031 1719 2058 qua:

937 2066 998 2093 ausi
1019 2070 1094 2099 sunt,
1116 2066 1234 2094 convicti
1249 2066 1412 2095 erubescant
1427 2088 1435 2101 ,
1460 2069 1507 2095 sed
1531 2073 1570 2101 ut,
1588 2073 1717 2104 tanquam

936 2111 1146 2139 commonefacti
1163 2132 1171 2146 ,
1200 2112 1323 2140 veritatis
1341 2121 1396 2140 nou
1425 2113 1631 2143 obliviscantur.
1657 2115 1716 2143 Vim

96 2159 174 2195 παρὰ
193 2158 246 2186 τῶν
265 2158 394 2194 Πατέρων
421 2157 478 2193 (55)
497 2157 712 2193 ὁμολογηθέντα·
737 2156 807 2192 ὀρθὰ
831 2158 884 2193 γάρ

941 2158 1010 2186 enim
1033 2158 1150 2186 habeant
1173 2166 1234 2193 qua:
1248 2158 1342 2186 Patres
1369 2158 1464 2188 Nicaea:
1487 2165 1550 2188 sunt
1576 2161 1715 2192 confessi;

96 2192 157 2231 ἐστι
172 2205 220 2232 καὶ
236 2204 316 2231 ἱκανὰ
336 2192 425 2230 πᾶσαν
438 2203 622 2238 ἁσεϐεστάτην
641 2203 746 2238 αἵρεσιν
768 2203 882 2239 ἀνατρέ-

941 2211 1011 2234 recta
1032 2207 1133 2242 quippe
1149 2192 1192 2234 illa
1209 2212 1272 2233 sunt
1293 2206 1445 2241 idoneaque
1470 2207 1503 2234 ad
1520 2215 1628 2234 omnem
1641 2215 1719 2235 ever!

95 2249 162 2285 ψαι,
177 2250 225 2276 καὶ
241 2249 359 2286 μάλιστα
374 2249 423 2284 τὴν
443 2248 595 2284 ’Δρειανὴν,
613 2248 662 2283 τὴν
681 2249 720 2280 εἰς
736 2248 782 2275 τὸν
797 2248 883 2282 Λόγον

95 2295 144 2323 ταῦ
156 2295 223 2322 Θεοῦ
241 2295 296 2330 ('56)
318 2295 522 2330 δυσφημοῦσαν,
538 2294 585 2321 καὶ
601 2293 631 2326 ἐξ
653 2295 777 2330 ἀνάγκης
796 2295 837 2326 είς
851 2296 884 2324 τὸ

95 2340 209 2376 Πνεῦμα
223 2340 305 2368 αὐτοῦ
323 2341 356 2368 τὸ
376 2341 452 2375 ἅγιον
473 2339 667 2366 δυσσεὸοὖσαν.
693 2340 883 2377 Προσαγόρευε

95 2388 200 2418 πάντας
220 2387 284 2419 τοὺς
299 2386 387 2422 ὀρθῶς
404 2387 577 2422 φρονοῦντας.
598 2385 832 2420 Προσαγορεύουσί
852 2395 882 2413 σε

94 2433 196 2465 πάντες
209 2433 234 2459 οι
247 2434 296 2460 σὺν
312 2434 387 2469 ἡμῖν.

938 2252 1047 2279 tendam
1064 2252 1198 2285 haaresim,
1215 2257 1242 2279 et
1253 2252 1371 2279 maxime
1384 2252 1523 2284 Arianam,
1546 2260 1606 2288 quae
1617 2253 1644 2280 in
1666 2253 1713 2281 Dei

937 2296 1055 2324 Verbum
1070 2297 1202 2331 iujuriosa
1225 2301 1277 2330 est,
1293 2297 1460 2332 proindeque
1475 2297 1502 2324 in
1520 2302 1642 2325 sanctum
1657 2298 1716 2333 ejus

937 2342 1066 2378 Spiritum
1089 2343 1181 2378 impia.
1209 2343 1301 2371 Saluta
1316 2351 1411 2371 omnes
1423 2344 1469 2379 qui
1482 2348 1553 2372 recte
1573 2346 1692 2372 sentiunt
1707 2354 1714 2372 :

936 2393 962 2416 te
974 2389 1095 2417 salutant
1111 2396 1206 2416 onmes
1222 2389 1270 2424 qui
1285 2389 1428 2417 nobiscum
1447 2395 1521 2417 sunt.

133 2493 157 2509 ²⁹
175 2492 255 2519 Joan.
270 2500 290 2526 1,
310 2491 352 2519 14.
389 2491 411 2507 ³⁸
430 2490 510 2518 Joan.
531 2498 569 2522 xt,
586 2489 679 2522 54,43.
716 2489 737 2505 ³¹
757 2488 846 2517 lCor.
864 2497 908 2522 xv,
926 2489 972 2517 55.

143 2539 188 2573 51)
198 2537 259 2573 Seg.
272 2545 376 2573 vocem,
386 2536 465 2573 ἀθέου
480 2536 653 2573 addit,quam
661 2535 706 2573 alii
714 2535 811 2573 etediti
819 2543 875 2563 om.

144 2571 188 2606 52)
199 2571 290 2607 Segmt
298 2572 380 2599 Bastl.
391 2572 494 2599 addunt
502 2571 635 2602 σαπέντας
644 2571 704 2607 :_alii
712 2575 738 2607 et
745 2571 809 2607 editi
820 2577 875 2607 om.

144 2609 189 2643 55)
210 2605 255 2635 Sic
269 2607 462 2643 Seguerianus.
475 2607 510 2634 At
524 2607 569 2634 alii
584 2611 611 2633 et
626 2605 702 2638 editi,
727 2605 877 2641 ἐξεργασά-

119 2652 187 2671 ενος.

95 2652 187 2681 μενος·
498 2676 504 2682 .
558 2676 565 2682 .
870 2675 876 2681 .

133 2678 188 2714 (54)
209 2677 390 2714 Seguerianus
404 2677 539 2714 et_Basul.,
549 2675 606 2714 ξιτεδ
619 2674 878 2714 ἀγνωσίαςκοῳιθιί

93 2719 123 2741 et
136 2710 214 2745 editi,
228 2710 258 2745 ἐξ
270 2712 413 2747 ἀγνωσίας.
431 2711 530 2739 ibidem
547 2711 658 2747 Segner.
671 2710 877 2747 etGobleriun.,

94 2749 270 2776 πιστεύσωσι.
289 2745 341 2774 Alii
357 2752 384 2774 et
397 2747 471 2778 editi,
492 2745 674 2772 πιστεύσουσι.
686 2745 783 2772 Ibidem
799 2745 876 2773 Gobl.

93 2789 123 2811 et
151 2784 222 2812 Felc.
249 2783 276 2816 1,
294 2788 323 2810 ιιι
347 2787 374 2810 et
402 2782 467 2818 legit
489 2781 623 2813 Nannius,
649 2781 697 2807 καὶ
720 2781 744 2807 εί
769 2780 806 2816 μὴ
826 2781 876 2807 αύ-

93 2827 196 2847 ταοκη.

966 2535 1023 2575 (ξξὸ)
1033 2534 1161 2580 ἓίρβοπ.
1173 2533 1318 2580 ρξΙΒθεὲΑι
1330 2535 1414 2580 anliilet
1424 2535 1507 2580 editio
1518 2536 1641 2580 comm“,
1649 2539 1714 2580 παρ’

930 2568 1020 2608 αὐτῶν
1033 2569 1172 2608 ῌατέρων.
1188 2569 1248 2596 Mox
1262 2568 1323 2604 Seg.
1333 2570 1410 2597 Gobl.
1425 2576 1451 2598 et
1462 2571 1531 2598 Felc.
1545 2571 1570 2604 1,
1583 2571 1649 2608 ὀρθὴ
1660 2568 1715 2608 γάρ

931 2606 989 2631 ἐστι
1005 2605 1053 2631 καὶ
1069 2605 1157 2639 ἱκανή.

964 2639 1031 2681 βῆ).
1045 2638 1217 2681 δεξιιειλίίιηη
1234 2638 1372 2681 τούμθεού.
1389 2639 1416 2666 ln
1431 2640 1491 2681 aliis
1504 2645 1530 2681 et
1541 2641 1624 2681 editis
1637 2641 1714 2681 deest

930 2673 989 2702 τοῦ.
1008 2674 1068 2711 Mox
1087 2675 1143 2711 haec
1159 2675 1257 2711 verba,
1267 2673 1296 2706 ἐξ
1310 2675 1430 2709 ἀνάγκης
1446 2676 1531 2711 sigea
1540 2676 1653 2711 Πνεῦμα
1666 2678 1715 2704 αὺέ

931 2710 1023 2747 τοῦμτὸ
1039 2709 1115 2743 ἆγιον
1129 2709 1322 2747 δυσσεϐρῦσαν,
1339 2710 1441 2747 absunt
1457 2719 1471 2737 a
1487 2710 1570 2738 Basil.
1586 2709 1636 2739 nec
1651 2720 1714 2747 ver-1

932 2744 1155 2781 titginterpresin
1171 2744 1288 2781 editione
1303 2745 1409 2781 Comm.
1422 2746 1490 2772 ibid.
1509 2746 1633 2781 δέξεσθε..
1648 2748 1711 2773 ἀσε-

930 2779 1030 2807 ϐοῦσαν
1046 2779 1299 2816 ρποέδυσσεεοῦσαν.
1318 2779 1389 2816 ldem
1416 2781 1443 2807 in
1466 2782 1519 2808 line
1533 2779 1559 2809 et
1578 2782 1671 2816 Basil.,
1685 2784 1711 2809 οἱ

933 2816 980 2842 σὺν
991 2816 1069 2851 ,ήμῖν.
1087 2813 1182 2842 Caneri
1195 2819 1222 2842 et
1237 2815 1312 2846 editi,
1327 2815 1351 2841 οἱ
1368 2815 1415 2842 σὺν
1429 2817 1500 2852 ἐμοί.
1665 2813 1669 2816 ’
1712 2814 1714 2817 ’
