1954 3041
276 90 344 122 Ιθεῆ
560 92 588 122 S.
609 90 797 121 A'I'HANASII
815 90 891 119 OPP.
903 91 994 119 PARS
1014 91 1034 119 l.
1055 105 1090 112 —
1109 89 1295 119 HISTORICA
1315 90 1359 118 ET
1379 90 1590 118 DOGMATICA.
1813 90 1869 117 {092

432 316 497 362 IN
535 314 694 363 DUOS
729 314 969 362 CONTRA
1017 313 1482 360 APOLLINARIUM
1528 314 1740 361 LIBROS

905 442 1266 501 MONITUM.

303 685 325 715 1.
348 686 440 714 Libros
455 686 578 714 adversus
593 684 786 720 Apollinarium
795 684 827 711 ab
838 684 985 712 Athanasio
995 687 1154 721 conscriptos
1169 689 1297 713 memorat
1311 683 1433 717 Proclus,
1448 685 1567 711 oratione
1578 691 1628 712 sua
1635 685 1663 712 in
1672 685 1768 720 synodo
1778 685 1874 712 secunda

270 730 563 765 Constantinopolitano
575 729 632 764 (57)
648 738 654 756 :
667 729 743 764 cujus
760 729 889 764 insignem
904 729 990 756 locum
1004 730 1046 757 hic
1059 730 1222 765 afferendum
1234 730 1394 759 censuimus.
1412 728 1445 756 Et
1459 729 1628 759 Athanasius
1641 732 1691 764 ait,
1705 731 1819 760 diversas
1828 733 1873 766 epi-

270 778 354 806 stolas
369 777 403 805 ad
418 777 617 812 Apollinarium
631 777 738 810 scribit.
754 781 886 811 tanquam
901 778 995 805 eadem
1014 778 1040 805 in
1055 778 1108 805 ﬁde
1122 779 1273 813 sapientem
1289 787 1297 805 :
1310 783 1337 805 et
1355 782 1447 805 tamen
1463 782 1560 813 postea
1575 778 1661 807 libros
1678 779 1792 815 integros
1806 779 1872 808 etiam

269 830 330 861 post
342 830 457 852 mortem
471 825 630 860 Apollinarii
644 825 755 860 scripsit
769 824 901 852 adversus
913 832 976 852 eum
995 826 1111 861 cognitis
1126 826 1200 854 illius
1221 826 1248 853 in
1272 825 1375 860 scripto
1401 826 1586 861 blasphemiis.
1598 826 1632 855 Et
1648 828 1716 856 nihil
1729 828 1873 864 Apollinario

268 870 430 906 profuerunt
440 878 501 905 quae
517 874 580 897 ante
596 870 629 897 ad
643 870 731 903 illum,
747 875 875 905 tanquam
897 871 992 898 eadem
1009 871 1036 898 in
1054 872 1105 899 ﬁde
1122 873 1284 907 sapientem,
1300 872 1402 906 scripta
1420 877 1494 899 sunt.
1515 872 1640 901 Leontius
1657 875 1718 902 item
1737 875 1798 902 libro
1812 876 1873 902 tertio

268 923 363 946 contra
378 917 534 945 Nestorium
551 923 578 944 et
589 917 742 953 Eutychen,
767 917 914 952 gloriatum
931 925 1003 951 esse,
1021 919 1069 950 ait,
1082 918 1279 953 Apollinarium
1290 938 1298 951 ,
1311 918 1525 947 innumerabiles
1547 921 1677 955 epistolas
1696 921 1729 949 ad
1748 930 1805 950 eum
1819 923 1873 950 scri-

268 971 329 1002 ptas
351 973 412 994 esse
426 965 567 994 Athanasii
591 965 690 1001 Magni,
705 964 863 1000 Serapionis
886 971 913 993 et
934 966 1062 998 aliorum,
1074 966 1230 1001 quicunque
1253 965 1364 993 luerunt
1381 970 1446 993 tunc
1465 965 1597 1001 fulgentia
1621 967 1713 995 sidera
1731 973 1758 996 et
1771 968 1872 996 veritatis

267 1016 494 1048 propugnatores.
505 1011 624 1044 Quarum
640 1016 725 1038 tamen
738 1012 910 1044 epistularum
922 1012 998 1039 nulla
1008 1012 1068 1046 jam
1080 1017 1206 1046 superest.
1219 1011 1294 1039 Idem
1302 1010 1438 1044 Leontius,
1452 1012 1500 1039 lib.
1510 1020 1530 1045 ι,
1541 1013 1593 1040 duo
1607 1014 1686 1048 affert
1696 1013 1753 1040 loca
1765 1021 1795 1040 es
1804 1015 1871 1048 prima

268 1060 409 1087 Athanasii
423 1060 556 1087 adversus
568 1059 765 1094 Apollinarium
783 1059 862 1092 libro,
875 1064 899 1086 et
914 1059 997 1086 alium
1015 1067 1047 1086 ea;
1065 1059 1133 1086 libro
1150 1059 1273 1091 secundo,
1288 1059 1334 1085 ubi
1352 1059 1495 1086 secundum
1511 1063 1585 1086 uocat
1601 1067 1671 1092 eum,
1688 1060 1732 1094 qui
1756 1067 1832 1086 revera
1851 1059 1871 1084 in

266 1107 344 1134 editis
359 1106 488 1133 secundus
506 1110 556 1133 est.
569 1107 651 1138 Quem
665 1105 726 1131 item
737 1105 852 1139 synodus
866 1113 893 1131 Vl
907 1106 1065 1132 tecumenica
1083 1104 1208 1140 δεύτερον
1223 1104 1302 1139 λόγον
1322 1109 1466 1139 nuncupat.
1483 1103 1598 1131 Joannes
1612 1113 1714 1139 quoque
1732 1104 1870 1136 Maxentius,

267 1156 311 1190 qui
326 1155 372 1181 sub
393 1155 498 1181 initium
516 1153 621 1187 scripsit
636 1160 660 1180 vl
677 1152 779 1185 stcculi,
807 1160 840 1179 ea:
869 1153 954 1187 primo
982 1152 1050 1179 libro
1074 1152 1160 1178 locum
1185 1152 1262 1186 affert
1276 1151 1417 1178 Athanasii
1436 1153 1549 1179 nomine.
1576 1152 1688 1179 Necnon
1705 1151 1814 1179 Joannes
1826 1151 1870 1178 Da-

265 1208 402 1227 mascenus
413 1205 437 1227 et
449 1200 498 1226 alii
515 1207 626 1234 quorum
640 1198 788 1225 testimonia
806 1198 862 1224 suis
880 1198 992 1232 inferius
1018 1193 1145 1225 notantur
1159 1198 1234 1224 locis.
1248 1196 1282 1224 In
1296 1197 1416 1224 omnibus
1433 1198 1513 1225 etiam
1531 1205 1595 1225 mss.
1614 1199 1643 1226 hi
1662 1199 1713 1226 duo
1729 1198 1786 1225 libri
1800 1198 1870 1225 eodem

265 1246 388 1273 locantur
404 1246 507 1272 ordine.

300 1291 333 1320 ll.
351 1291 400 1319 Tot
416 1297 529 1320 veterum
543 1291 706 1324 testimonia,
719 1299 818 1318 necnon
832 1291 1001 1326 antiquorum
1013 1291 1134 1318 codicum
1147 1291 1304 1322 auctoritas,
1316 1289 1425 1325 majoris
1441 1289 1513 1325 apud
1528 1298 1574 1317 nos
1589 1295 1652 1317 sunt
1669 1295 1798 1322 momenti,
1808 1296 1871 1325 quam

264 1343 294 1366 tt
311 1339 468 1366 recentiores
484 1339 611 1374 quosdam
624 1338 774 1372 audiamus,
787 1346 899 1373 quorum
909 1337 957 1365 alii
970 1339 1094 1372 primum,
1110 1338 1158 1364 alii
1171 1338 1312 1364 secundum
1328 1342 1425 1365 contra
1443 1337 1642 1372 Apollinarium
1655 1339 1751 1366 librum
1761 1338 1787 1364 in
1797 1336 1871 1371 suspi-

265 1386 364 1412 cionem
380 1390 472 1411 vocant
482 1393 491 1410 :
503 1385 564 1419 quia
581 1385 747 1419 potissimum
759 1384 835 1411 ambo
850 1388 904 1411 tam
917 1385 1058 1412 Athanasii
1069 1385 1166 1420 stylunt
1181 1385 1297 1419 referunt
1308 1392 1388 1420 quam
1402 1384 1589 1419 qui_maa;ime.
1605 1383 1683 1411 Libet
1697 1393 1758 1412 sane
1770 1383 1872 1419 quadam

264 1432 454 1461 Athanasianaz
463 1433 586 1459 dictionis
597 1431 726 1466 exempla,
742 1437 772 1458 ut
787 1440 890 1458 omnem
907 1440 938 1459 ea
957 1432 989 1459 de
1001 1440 1028 1459 re
1045 1432 1200 1467 scrupulum
1215 1431 1337 1464 levemus,
1357 1439 1496 1466 apponere.
1514 1429 1639 1456 Primum
1659 1430 1728 1457 enim
1745 1430 1788 1457 lib.
1802 1437 1818 1463 1,
1831 1437 1871 1455 nu-

263 1489 334 1509 mero
348 1480 376 1515 6,
390 1489 503 1507 errorem
517 1488 607 1507 eorum
623 1481 667 1515 qui
679 1480 780 1507 Christi
796 1488 890 1514 corpus
906 1480 1071 1506 adorandum
1086 1479 1224 1514 negabant,
1238 1479 1291 1506 nisi
1306 1479 1407 1506 caeleste
1422 1478 1618 1513 increatumque
1634 1484 1712 1511 esset,
1724 1478 1811 1505 iisdem
1821 1485 1872 1504 con-

263 1527 334 1561 futat
350 1526 522 1561 argumentis,
536 1533 567 1552 ac
583 1533 768 1560 nonnunquam
779 1525 874 1552 iisdem
883 1525 975 1556 verbis,
991 1525 1084 1560 quibus
1094 1533 1175 1559 supra
1188 1525 1215 1551 in
1228 1525 1343 1560 epistola
1354 1525 1388 1552 ad
1399 1523 1572 1559 Adelphium.
1587 1524 1624 1553 Et
1639 1534 1711 1553 num.
1723 1526 1754 1553 l0
1764 1525 1834 1557 illud,
1845 1521 1871 1550 Τί

263 1573 352 1600 τοίνυν
364 1572 502 1608 μέμφεσθε
511 1573 667 1608 Ἀρειανοῐς,
677 1578 741 1607 etc.,
751 1572 843 1600 iisdem
857 1573 910 1606 fere
928 1572 1009 1600 verbis
1023 1581 1034 1598 τ

1099 1572 1134 1598 ies
1148 1578 1229 1606 supra
1243 1571 1272 1598 in
1283 1571 1403 1606 Epistula
1419 1571 1452 1598 ad
1462 1570 1623 1606 Epictetum.
1641 1571 1710 1599 Item
1724 1580 1821 1599 numero
1836 1570 1869 1600 l2.

262 1619 331 1653 quod
345 1619 376 1645 de
390 1619 565 1653 quaternitate
580 1620 685 1654 legitur,
699 1629 777 1655 quam
799 1628 815 1646 a
835 1619 980 1646 Catholicis
1004 1628 1051 1654 pro
1075 1619 1205 1646 Trinitate
1227 1619 1318 1646 induci
1342 1618 1554 1646 criminabantur
1566 1619 1783 1654 Apollinaristte,
1796 1619 1871 1647 eadem

262 1663 392 1690 sententia
410 1663 520 1690 habetur
533 1664 618 1698 Epist.
633 1665 665 1692 ad
681 1664 845 1700 Epictetum.
859 1665 900 1692 Ne
917 1666 1010 1698 multa,
1028 1665 1051 1692 si
1069 1665 1112 1691 cui
1127 1665 1206 1692 libeat
1224 1666 1290 1693 duos
1310 1665 1441 1693 adversus
1458 1664 1659 1699 Apollinarium
1676 1668 1756 1695 libros
1772 1665 1871 1700 conferre

262 1717 323 1736 cum
336 1709 396 1736 aliis
412 1709 553 1736 Athanasii
567 1712 697 1745 operibus,
710 1713 873 1748 maximeque
896 1719 955 1738 cum
972 1711 1100 1746 Epistolis
1115 1712 1149 1739 ad
1171 1711 1333 1746 Epictetum,
1351 1711 1385 1738 ad
1400 1710 1563 1746 Adelphium
1577 1718 1603 1741 et
1621 1714 1658 1741 ad
1677 1713 1826 1743 Maximum,
1840 1714 1869 1736 tot

263 1758 309 1785 ille
321 1758 380 1785 loca
393 1758 564 1787 deprehendet
578 1760 646 1787 inter
662 1768 689 1787 se
704 1761 802 1795 affinia,
816 1766 845 1787 ut
858 1761 889 1788 ab
901 1761 989 1788 eodem
1003 1761 1121 1795 profecta
1137 1761 1265 1794 scriptore
1277 1760 1343 1788 nihil
1356 1760 1484 1795 ambigat.
1501 1758 1615 1788 Secundi
1627 1761 1701 1795 libri,
1713 1768 1788 1796 quant
1794 1757 1869 1793 primi,

263 1807 420 1842 ῃησιότης,
436 1808 522 1834 minus
534 1808 562 1834 in
576 1809 747 1843 suspicionem
759 1810 826 1836 venit
836 1817 845 1836 :
856 1810 902 1837 sed
919 1815 1008 1837 neuter
1027 1818 1115 1836 revera
1126 1809 1234 1838 dubius.

299 1850 344 1880 lli.
360 1852 429 1880 Sane
443 1854 576 1888 permistis
590 1854 691 1888 pridem
705 1854 846 1882 Athanasii
866 1856 941 1882 libris
961 1863 1007 1882 nec
1021 1863 1068 1881 suo
1083 1855 1141 1882 loco
1157 1855 1262 1890 positis,
1279 1855 1394 1890 difficilis
1409 1854 1462 1890 fuit
1476 1861 1614 1889 germanos
1633 1862 1650 1880 a
1665 1854 1760 1887 spurits
1770 1853 1869 1878 interno-

262 1905 343 1924 scere.
357 1896 418 1924 Jam
431 1905 489 1924 uero
508 1899 553 1924 ubi
565 1906 723 1933 qutecunque
741 1899 901 1934 Apallinarii
918 1904 1036 1934 spectant
1058 1899 1179 1926 heresim
1196 1905 1380 1935 consequenter
1401 1899 1533 1932 locantur,
1547 1900 1660 1927 minoris
1679 1908 1718 1927 res
1731 1905 1768 1926 est
1781 1895 1867 1931 negotii.

263 1942 397 1978 Contingit
414 1944 483 1971 enim
499 1952 599 1977 semper
614 1952 674 1971 cum
692 1953 757 1971 nova
778 1946 898 1972 exoritur
917 1946 1035 1979 hwresis,
1051 1954 1118 1973 noua
1139 1947 1203 1974 item
1220 1948 1308 1979 verba,
1324 1954 1453 1982 novasque
1464 1947 1704 1978 sententiasrinter
1715 1947 1868 1980 disceptante!

263 1998 313 2016 usu
328 1992 422 2018 venire.
438 1990 526 2023 Quare
536 1991 574 2018 nil
588 1993 686 2018 ntirum
704 1993 727 2019 si
747 1993 776 2018 in
788 1993 925 2027 postremis
943 1993 1012 2020 hisce
1032 1998 1124 2020 contra
1140 1993 1336 2028 Apollinarium
1351 1993 1509 2020 tractatibus
1521 1995 1646 2029 quaedam
1663 1994 1799 2021 insolenter
1810 1990 1869 2017 dicta

263 2040 438 2074 reperiantur.
453 2040 518 2072 Quae
533 2046 620 2068 tamen
631 2041 702 2067 haud
713 2041 753 2068 ita
765 2041 851 2068 multa
867 2047 938 2069 sunt.
953 2041 987 2068 Et
1002 2043 1025 2069 si
1040 2043 1117 2069 initio
1130 2042 1211 2077 primi
1221 2048 1312 2069 contra
1324 2042 1520 2077 Apollinarium
1536 2041 1597 2068 libri
1608 2046 1752 2068 occurrunt
1762 2035 1869 2067 nonnulla

262 2093 322 2121 qute
335 2086 477 2113 Athanasii
488 2086 599 2120 fortasse
616 2086 758 2114 dictionem
784 2089 873 2114 minus
898 2088 1023 2123 referant,
1039 2089 1115 2115 nulla
1139 2089 1200 2116 hinc
1227 2088 1334 2120 νοθείας
1355 2089 1518 2120 coniectura.
1550 2087 1742 2115 Advertendum
1764 2086 1825 2113 enim
1842 2083 1868 2110 ad

262 2136 375 2162 amicum
387 2136 428 2162 hic
440 2136 589 2171 responderi
601 2137 646 2172 qui
663 2145 726 2164 suas
743 2145 802 2163 cum
817 2137 1015 2172 Apollinaristis
1029 2137 1376 2173 disputationes)!thanasio
1392 2139 1556 2164 recensuerat
1569 2143 1578 2162 :
1592 2142 1675 2170 quare
1690 2133 1826 2161 rescribens
1833 2138 1870 2158 ea—

262 2183 322 2210 dem
331 2182 362 2209 de
376 2191 403 2209 re
415 2183 588 2216 Athanasius,
604 2191 655 2211 non
668 2193 730 2211 suas
743 2185 820 2212 modo
839 2185 940 2220 sibique
955 2185 1113 2220 familiares,
1130 2185 1175 2213 sed
1192 2186 1270 2212 amici
1282 2193 1383 2221 quoque
1398 2189 1422 2212 et
1434 2182 1688 2219 Apollinaristarum
1701 2188 1772 2208 uoces
1782 2181 1870 2206 senten-

263 2232 365 2266 tiasque
378 2236 499 2265 usurpat.
517 2232 585 2266 quod
596 2232 651 2265 fere
663 2232 693 2267 fit
705 2232 773 2259 inter
787 2232 962 2268 disputantes.
980 2232 1014 2260 Id
1035 2239 1122 2260 autem
1145 2233 1193 2260 sub
1210 2233 1316 2260 initium
1340 2236 1444 2259 tantum
1467 2235 1616 2266 comparet:
1627 2231 1657 2257 in
1674 2225 1870 2264 subsequentibll

261 2277 331 2304 enim
340 2285 425 2309 nemo,
439 2278 482 2304 cui
493 2277 577 2312 stylus
593 2277 736 2305 Athanasii
749 2284 826 2306 notus
837 2279 882 2311 sit,
899 2287 949 2305 non
966 2279 1114 2314 loquentem
1125 2278 1301 2305 Athanasium
1314 2278 1444 2306 advertat.

298 2322 342 2351 IV.
359 2323 489 2350 Ctzterum
501 2331 580 2358 quam
594 2325 666 2351 uarie
679 2325 751 2351 circa
766 2325 867 2352 Christi
885 2333 1024 2360 personam
1041 2328 1159 2351 errarent
1174 2323 1381 2358 Apollinaristaz,
1402 2333 1530 2360 quamque
1546 2332 1641 2360 parum
1660 2323 1711 2351 sibi
1727 2326 1810 2350 mutuo
1820 2325 1871 2346 con-

261 2374 373 2403 starent,
390 2370 461 2396 haud
475 2370 553 2397 semel
566 2370 606 2397 his
619 2371 647 2397 in
660 2371 736 2399 libris
747 2377 854 2399 enarrat
868 2372 1040 2398 Athanasius.
1057 2371 1112 2398 Alii
1124 2371 1193 2398 enim
1218 2370 1327 2398 Verbum
1341 2372 1468 2402 putabant
1487 2373 1546 2400 sola
1568 2373 1652 2406 specie
1665 2376 1769 2397 carnem
1781 2372 1871 2394 assum-

262 2419 364 2453 psisse;
379 2419 427 2445 alii
442 2427 547 2446 carnem
560 2419 687 2446 caelestem
700 2423 725 2445 et
737 2418 882 2445 increatam
894 2418 992 2452 sibique
1004 2416 1254 2444 consubstantialem
1271 2417 1383 2444 Verbum
1394 2418 1520 2446 induisse.
1536 2417 1651 2446 Mentem
1662 2425 1721 2445 vero
1732 2416 1869 2443 humanm.

262 2470 351 2500 utpote
367 2467 479 2500 peccatis
494 2466 621 2501 malisque
639 2465 844 2500 cogitationibus
860 2465 1011 2496 obnoxiam,
1033 2473 1049 2491 α
1066 2463 1148 2491 Verbo
1164 2470 1328 2507 asssumptam
1352 2466 1457 2492 minime
1471 2466 1551 2500 fuisse
1571 2464 1745 2500 pugnabant:
1759 2468 1814 2497 qua:
1829 2458 1870 2493 full

262 2510 514 2544 Apollinaristarum
525 2511 650 2538 ltcereseos
661 2511 738 2545 quasi
752 2515 861 2537 tessera.
877 2509 1057 2544 Apollinarius
1074 2514 1170 2541 tamen,
1186 2509 1292 2543 Vitalis,
1310 2515 1334 2537 et
1349 2511 1372 2537 si
1386 2511 1431 2545 qui
1445 2511 1492 2538 alii
1505 2511 1583 2546 hujus
1593 2516 1671 2541 secta:
1684 2508 1807 2539 homines,
1819 2509 1869 2531 cum

261 2564 316 2584 sese
327 2565 343 2583 a
356 2557 499 2584 Catholici;
514 2558 603 2593 urgeri
618 2561 762 2588 cernerent,
778 2565 883 2584 carnem
896 2556 997 2584 Christi
1012 2561 1110 2582 nostrro
1132 2556 1245 2583 similem
1258 2565 1324 2588 esse,
1340 2563 1418 2593 atque
1431 2565 1464 2586 ea:
1480 2558 1568 2585 Maria
1589 2561 1750 2590 assumptam
1763 2551 1868 2589 fateban-

261 2606 322 2634 tur;
337 2602 390 2629 imo
403 2604 520 2630 animam
535 2611 635 2638 quoque
650 2604 695 2630 sed
714 2608 819 2630 tantum
832 2603 1000 2635 sensitivant,
1014 2601 1063 2634 vel,
1079 2607 1107 2628 ut
1125 2602 1163 2629 ait
1184 2602 1293 2636 Suidas,
1309 2604 1425 2630 animum
1441 2605 1516 2631 vituli
1535 2606 1562 2632 in
1581 2604 1686 2631 Christo
1699 2597 1867 2628 admittebant-

261 2649 397 2679 Hactenus
411 2653 442 2678 de
458 2652 532 2679 libris
548 2657 642 2679 contra
662 2651 871 2686 Apollinarium,
892 2659 956 2686 quos
971 2651 1108 2685 postremis
1129 2650 1270 2678 Athanasii
1290 2652 1350 2679 vitte
1370 2653 1446 2680 annis
1468 2651 1627 2685 conscriptos
1652 2654 1791 2684 putamus.
1810 2647 1867 2669 αιινιο

260 2697 365 2724 circiter
378 2697 439 2724 572.
452 2699 545 2732 Atque,
561 2703 589 2724 ut
606 2703 687 2733 patet,
701 2702 758 2732 post
771 2696 920 2732 Epistolam
935 2696 967 2723 ad
983 2695 1144 2729 Epictetum,
1156 2696 1183 2723 in
1198 2704 1250 2732 qua
1263 2704 1364 2724 errores
1382 2697 1513 2732 ejusmodi
1524 2697 1601 2732 quasi
1611 2696 1736 2722 hactenus
1748 2687 1866 2719 inauditi»

259 2748 374 2770 recenset
391 2743 561 2771 Athanasius.
578 2744 636 2771 Hac
648 2744 679 2772 de
695 2752 721 2771 re
735 2744 820 2778 fusius
834 2744 861 2771 in
877 2742 937 2771 Vita
951 2741 1106 2772 Athanasii.

296 2800 353 2838 ('57)
370 2801 448 2828 Tom.
463 2801 482 2828 ν
501 2801 603 2829 Concil.
623 2810 649 2837 p.
663 2802 724 2830 459.
