1954 3041
276 132 346 161 1099

591 132 619 159 S.
640 132 824 162 ATHANASII
842 134 918 163 OPP.
935 133 1024 161 PARS
1040 133 1061 160 1.
1080 147 1115 153 -—
1134 132 1319 161 HISTORICA
1336 132 1380 160 ET
1400 131 1610 160 DOGMATICA.

1812 131 1871 158 “00

276 189 392 217 ducebat
405 198 411 216 :
429 188 455 215 in
471 188 567 222 pannis
581 189 728 223 repositus,
742 197 758 216 a
772 188 900 217 Simeone
915 189 942 216 in
955 188 1056 223 templo

1117 196 1136 214 ιν
1156 188 1322 223 σπαργάνοις
1344 187 1508 219 ἀνακλιθεὶς,
1527 185 1574 212 καὶ
1598 186 1649 212 ὑπὸ
1669 184 1716 212 τοῦ
1745 185 1872 221 Συμεῶνος

277 239 407 270 gestatus,
427 239 451 260 et
478 233 512 260 ad
530 234 767 269 circumcisionem
791 235 883 262 carnis
905 235 1056 262 secundum

278 280 362 315 legem
383 279 516 306 adductus
538 284 588 312 est,
603 284 832 315 augmentumque
855 280 958 315 accepit
972 280 1058 307 relatis

276 330 359 360 atque
373 328 482 352 staturae
493 325 525 350 ³⁸.
539 323 568 352 Si
583 325 675 359 itaque
689 325 827 353 increatus
845 326 888 352 illa
906 325 1007 352 unione
1019 323 1059 351 fa-

276 375 337 399 ctus
349 375 400 403 est,
417 370 555 405 quomodo
581 378 635 398 non
660 372 750 398 statim
763 370 904 406 perfectus
923 370 1057 405 apparuit,

277 416 324 444 sed
340 424 390 451 pro
403 416 541 443 voluntate
554 415 651 449 Verbi,
667 424 766 451 corpus
790 420 965 451 augmentum
986 416 1059 443 acci-

277 461 386 497 piebat?
401 460 523 488 lncreato
538 465 628 488 autem
644 461 840 488 incrementum
853 461 992 488 ascribere
1009 460 1060 487 im-

278 507 351 540 pium
364 510 415 533 est.
429 504 497 532 Nam
509 505 582 540 quod
596 505 746 532 increatum
762 510 814 536 est.
833 509 928 532 natura
946 512 994 532 sua
1016 504 1060 531 in-

277 557 398 578 creatum
414 551 529 582 dicitur,
550 558 600 577 nec
617 551 814 582 accessionem,
832 551 874 577 vel
901 550 1060 576 diminutio—

277 605 339 624 nem
359 597 487 624 admittit.
506 595 586 629 Quod
601 600 692 623 autem
705 603 766 622 cum
784 596 904 623 increato
916 595 1060 630 quidpiam

276 649 420 670 commune
432 642 523 673 habet,
539 646 587 668 aut
601 641 654 676 ipsi
675 641 779 673 unitur,
797 642 938 676 proprium
951 641 1060 675 quidem

278 689 410 720 increato,
427 695 480 715 non
493 692 583 715 tamen
600 687 689 722 ipsum
702 688 852 714 increatum
866 695 927 714 esse
942 687 1059 720 dicitur;

278 742 313 762 ne
328 734 438 761 unionis
452 733 612 760 beneﬁcium
629 732 656 760 in
669 733 835 760 oblivionem
852 733 951 765 veniat,
966 739 993 760 et
1013 732 1061 759 be-

279 779 368 806 neﬁcii
393 778 514 805 debitum
535 777 693 809 aboleatur,
707 785 774 805 neve
789 777 939 804 humanum
964 784 1060 812 genus,

279 824 351 859 quod
376 823 465 850 adhuc
488 822 515 849 in
533 822 691 849 inﬁrmitate
705 823 787 857 degit.
801 822 828 849 in
845 822 1060 857 desperationem

279 869 369 900 cadat,
386 869 408 896 si
423 869 509 896 discat
525 868 607 903 (quod
625 875 673 895 vos
689 868 805 903 dicitis),
823 868 923 895 nullam
937 876 997 895 esse
1010 869 1061 895 sibi
1080 859 1100 886 Β

279 922 341 942 cum
352 913 406 940 Deo
421 913 608 948 cognationem
624 920 632 945 ;
649 920 715 940 neve
728 913 814 947 gratia
830 917 982 940 evanescat.
997 913 1063 945 Quis

279 962 352 987 enim
381 960 531 987 increatum
552 959 574 987 si
595 960 688 987 audiat
714 959 821 987 Domini
846 967 960 994 corpus.
982 967 1064 994 seque

278 1006 392 1038 factum,
406 1010 582 1039 creatumque
599 1011 737 1039 agnoscat,
755 1013 808 1032 non
826 1005 968 1040 intelligat,
982 1003 1064 1032 falsas

281 1052 389 1088 quidem
413 1059 473 1079 esse
496 1050 662 1085 Scriptnras,
678 1051 785 1086 sibique
809 1051 911 1078 nullam
928 1059 988 1078 esse
1002 1058 1063 1078 cum

277 1098 389 1125 Christo
399 1097 638 1124 communionem?
652 1095 679 1123 Si
693 1096 829 1124 increatus
841 1096 990 1123 incrcatum
1005 1104 1065 1123 cor—

276 1151 332 1178 pus
356 1143 515 1178 assumpsit,
531 1142 611 1177 periit
631 1149 696 1177 ergo
718 1142 806 1176 prima
834 1141 971 1173 formatio,
985 1141 1066 1176 periit

274 1188 445 1224 'archetypus
453 1187 548 1220 Adam,
557 1194 612 1222 quo
623 1194 674 1214 nos
684 1193 770 1221 usque
783 1186 810 1213 in
823 1186 983 1213 hodiernum
993 1186 1064 1213 diem

282 1243 330 1271 per
347 1235 438 1263 carnis
453 1235 654 1263 successionem
669 1233 777 1261 oriundi
799 1241 907 1261 sumus.
922 1233 1064 1266 Quomodo

282 1282 365 1317 igitur
378 1281 502 1312 Christus
522 1288 572 1308 nos
594 1280 637 1308 sui
657 1280 802 1314 participes
822 1278 1064 1313 constituitiquid

276 1332 324 1355 'est
341 1328 414 1363 quod
427 1327 572 1362 Apostolus
587 1326 644 1353 ait:
660 1325 711 1358 Qui
727 1326 796 1352 enim
811 1325 960 1359 sanctiﬁcat
977 1329 1001 1351 et
1020 1324 1065 1359 qui

283 1375 486 1409 sanctiﬁcantur
499 1381 530 1400 ex
545 1381 596 1400 uno
610 1372 748 1400 omnes"?

319 1422 346 1450 5.
362 1420 400 1448 Ne
412 1420 473 1455 quis
485 1427 549 1447 vero
558 1419 592 1446 de
606 1418 745 1446 divinitate
757 1417 819 1444 Filii
832 1417 871 1444 sic
886 1417 1005 1452 cogitare
1017 1424 1066 1444 au-

283 1467 367 1495 deat:
383 1465 456 1501 quod
477 1465 572 1492 eodem
596 1464 640 1492 ille
657 1464 738 1490 modo
758 1471 791 1490 ex
812 1463 867 1490 Deo
887 1463 932 1494 sit,
947 1470 1002 1497 quo
1018 1470 1067 1489 nos

1107 233 1136 259 ὲν
1151 233 1190 268 τῷ
1203 233 1268 269 ἱερῷ
1282 232 1454 268 βασταχθεὶς,
1466 232 1513 258 καὶ
1527 231 1676 267 περιτομήν
1691 231 1788 267 σαρκὸς
1799 239 1872 266 προσ-

1108 278 1239 314 αγόμενος
1253 278 1323 305 κατὰ
1330 278 1375 305 τὸν
1388 278 1478 313 νόμον,
1491 278 1538 304 καὶ
1551 277 1663 313 αὔξησιν
1676 277 1782 312 ἡλικίας
1793 277 1872 303 ποιού-

1110 333 1199 360 μενος.
1219 325 1274 360 (61)
1287 325 1327 351 .El
1349 324 1436 351 τοίνυν
1464 323 1591 355 ἄκτιστος
1609 325 1642 358 τῇ
1667 322 1761 349 ἐνώσει
1780 323 1873 357 γέγονε,

1108 370 1168 402 τὲὦς
1180 371 1230 397 οὐκ
1245 370 1390 405 αὐτοτελής
1405 369 1494 405 ὤφθη,
1509 368 1587 399 ἀλλὰ.
1606 368 1767 403 θελήσαντος
1780 367 1823 393 τοῦ
1836 367 1875 394 Λό-

1109 426 1169 452 γου,
1190 418 1205 451 ἡ
1225 417 1272 443 τοῦ
1295 416 1419 451 σώματος
1435 415 1548 450 αὔξησις
1570 414 1692 448 ὲγίνετο;
1714 413 1838 448 Ἀκτίστῳ
1852 414 1874 439 δὲ

1109 462 1256 498 προσάγειν
1269 461 1382 497 αῠξησιν
1396 460 1492 492 ἀσεϐές
1504 461 1572 486 ἐστι.
1591 459 1626 486 Τὸ
1639 459 1693 494 γὰρ
1717 459 1837 486 ἀκτιστον
1848 460 1874 494 τῇ

1110 508 1189 543 φύσει
1203 508 1328 535 ἀκτιστον
1338 507 1457 541 λέγεται,
1473 507 1542 542 μήτε
1557 505 1680 541 αὔξησιν,
1693 506 1760 541 μήτε
1775 505 1876 532 ἐλάττω·

1111 562 1152 580 σιν
1164 553 1362 588 ἐπιδεχόμενον.
1379 552 1416 578 Τό
1429 552 1458 578 δὲ
1471 551 1510 586 τῷ
1522 550 1640 585 ἀκτίστῳ
1652 550 1708 586 (62)
1724 551 1876 586 κοινωνῆσαν

1110 599 1126 635 ἢ
1149 599 1257 631 ἐνωθὲν,
1281 599 1344 626 [διον
1364 599 1412 634 μὲν
1436 597 1483 624 τοῦ
1508 597 1634 624 ἀκτιστου
1653 596 1769 631 λέγεται,
1792 597 1820 623 οὺ
1836 596 1876 631 μὲν

1110 645 1176 672 αὐτὸ
1190 644 1326 675 ἄκτιστον,
1341 644 1383 670 ἴνα
1398 643 1435 679 μὴ
1452 642 1585 678 ὲπιλησθῇ
1603 642 1652 677 τῆς
1676 641 1822 676 ἑνώσεωςή
1842 641 1876 667 εὑ.

1111 691 1232 726 εργεσία.
1244 689 1291 716 καὶ
1305 688 1465 724 καταργηθῇ
1476 687 1529 723 (63)
1535 687 1584 723 τῆς
1593 687 1749 722 εὐεργεσίας
1761 688 1776 721 ἡ
1786 686 1877 720 ὀφειλὴ,

1111 736 1158 762 καὶ
1185 736 1224 766 εἰς
1243 735 1415 762 ἀνελπιστίαν
1437 735 1581 770 καταπέσῃ
1609 734 1626 769 ἡ
1653 734 1682 760 ὲν
1705 733 1826 768 ἀσθενείᾳ
1845 733 1877 758 ἔτι

1111 781 1280 816 τυγχάνουσα
1302 780 1499 816 ἀνθρωπότης,
1533 780 1714 815 διδασκομένη
1744 778 1802 805 καθ’
1818 779 1877 813 ὑμᾶς

1115 828 1152 863 μὴ
1171 827 1242 863 ἔχειν
1266 827 1334 863 πρὸς
1358 827 1424 853 Θεὸν
1449 826 1614 861 οἰκειότητα,
1636 826 1686 852 καὶ
1705 824 1844 860 ἀμαυρωθῇ
1864 824 1877 858 ἡ

1114 874 1203 909 χάρις,
1229 873 1277 905 Τίς
1307 872 1371 908 γὰρ,
1400 873 1527 900 ἄκτιστον
1551 871 1658 898 ἀκούων
1678 871 1708 898 τὸ
1727 870 1773 897 τοῦ
1791 869 1876 905 Κυρίου

1115 920 1202 955 σῶμα,
1220 918 1315 945 ἑαυτὸν
1336 919 1366 945 δὲ
1395 918 1541 953 ποιηθέντα
1565 918 1612 945 καὶ
1638 917 1780 944 κτισθέντα
1803 916 1875 946 εἰδὼς,

1113 965 1163 992 οὐκ
1182 964 1373 1000 ὲννοηθήσεται
1389 963 1497 998 ψευδεῖς
1515 963 1564 998 μὲν
1575 962 1646 990 εἶναι
1661 963 1711 994 τὰς
1729 962 1805 997 ἁγῑας
1818 962 1876 997 Γρα-

1114 1007 1177 1041 (pic,
1193 1007 1288 1034 ἑαυτὸν
1295 1008 1323 1034 δὲ
1336 1007 1374 1043 μὴ
1385 1007 1457 1042 ἔχειν
1472 1007 1539 1042 πρὸς
1550 1007 1594 1034 τὸν
1606 1007 1724 1042 Χριστὸν
1737 1007 1875 1035 κοινωνίαν;

1114 1053 1146 1079 Et
1161 1054 1175 1080 ὸ
1187 1053 1310 1085 ἀκτιστος
1327 1053 1452 1080 ἀκτιστον
1467 1053 1546 1087 σῶμα
1558 1053 1714 1086 ἀνελάϐετο,
1726 1053 1875 1088 κατήργηται

1114 1099 1227 1134 τοίνυνή
1240 1099 1334 1135 πρώτη
1346 1099 1454 1131 πλάσις,
1466 1099 1604 1126 ἀπόλωλεν
1615 1100 1630 1125 ὁ
1638 1099 1786 1134 ἀρχέτυπος
1798 1097 1874 1132 Ἀδὰμ,

1115 1143 1145 1172 οὗ
1161 1145 1240 1180 ἡμεῖς
1262 1145 1340 1180 μέχρι
1361 1146 1479 1181 σήμερον
1500 1145 1628 1179 ἀπόγονοι
1644 1145 1806 1180 τυγχάνομεν
1820 1143 1876 1170 κατᾶ

1114 1190 1162 1225 τὴν
1187 1191 1236 1226 τῆς
1253 1191 1353 1225 σαρκὸς
1369 1190 1503 1226 διαδοχήν.
1528 1191 1590 1223 Πῶς
1615 1188 1663 1218 οὖν
1682 1191 1794 1227 Χριστὸς
1819 1189 1875 1224 ἡμᾶς

1117 1236 1247 1272 μετόχους
1263 1236 1359 1262 ἑαυτοῦ
1383 1237 1569 1272 κατεστήσατο
1595 1235 1652 1271 (64)
1669 1244 1678 1269 ;
1699 1236 1756 1268 πῶς
1776 1235 1802 1262 δὲ
1815 1234 1875 1261 καὶό

1122 1282 1280 1314 Ἀπόστολος
1287 1282 1376 1316 λέγει,
1399 1283 1435 1308 '0
1451 1291 1483 1309 τε
1501 1284 1556 1317 γὰρ
1567 1282 1694 1317 ἁγιάζων
1709 1282 1756 1310 καὶ
1771 1284 1796 1309 οι
1811 1282 1876 1315 ἀγυι⁴

1117 1327 1229 1361 ζόμενοι
1243 1328 1277 1360 ἐξ
1296 1328 1365 1361 ἐνὸς
1381 1328 1491 1361 πάντες
1504 1336 1514 1360 ;

1152 1419 1178 1446 5.
1195 1418 1240 1454 Μή
1253 1427 1294 1450 τις
1307 1418 1335 1444 δὲ
1349 1418 1474 1454 τολμάτω
1489 1419 1552 1454 περὶ
1569 1418 1618 1454 τῆς
1632 1418 1756 1453 θεότητος
1772 1416 1814 1443 τοῦ
1826 1413 1877 1442 Υἱηῦ

1117 1465 1252 1501 ἐννοῆσαι,
1272 1466 1323 1497 ὅτι,
1339 1465 1433 1501 ὥσπερ
1451 1465 1517 1492 αὐτὸ
1537 1466 1569 1492 ἐκ
1588 1465 1636 1491 τοῦ
1662 1464 1739 1495 Θεοῦ,
1759 1463 1822 1490 οὕτω
1843 1461 1878 1487 χαὶ

283 1520 390 1544 sumus,
402 1516 432 1538 nt
458 1511 612 1546 impiissimi
640 1509 734 1537 Ariani
758 1509 847 1536 dicere
872 1509 997 1536 audent:
1019 1512 1066 1536 aut

1117 1512 1208 1546 ἡμεῖς,
1226 1511 1350 1546 καθάπερ
1363 1511 1388 1537 οἰ
1401 1510 1575 1537 ἀσεϐέστατοι
1596 1509 1730 1545 Ἀρειανοὶ
1741 1508 1821 1542 λέγειν
1833 1506 1878 1532 τολ-

284 1563 357 1587 certe
372 1558 446 1585 illum
455 1565 488 1584 ex
504 1557 557 1584 Deo
574 1555 723 1583 secundum
737 1555 827 1582 carnis
842 1555 970 1589 speciem,
985 1558 1012 1581 et
1025 1562 1066 1581 se-

284 1605 403 1632 cundum
424 1603 540 1630 formam
559 1602 640 1635 servi,
657 1601 709 1628 hoc
730 1605 772 1628 est
791 1601 951 1636 protoplasti
968 1600 1066 1634 Adam,

284 1657 367 1685 quam
383 1648 486 1683 accepit
497 1647 543 1682 qui
559 1647 586 1674 in
603 1646 688 1674 forma
701 1646 749 1674 Dei
762 1645 833 1674 Deus
845 1646 960 1673 exsistit.
978 1645 1070 1673 Profe-

284 1700 330 1722 cto
344 1695 414 1722 inter
434 1701 477 1721 res
490 1697 606 1725 creatas,
619 1693 684 1720 illud
700 1692 799 1720 dicitur
816 1692 980 1723 increatum,
995 1691 1069 1727 quod

285 1749 425 1776 nunquam
437 1740 551 1772 exstitit,
563 1740 626 1774 quia
637 1746 776 1774 nunquam
788 1737 891 1766 factum
905 1742 955 1765 est.
968 1736 1006 1764 Ne
1017 1737 1069 1772 igi-

286 1791 341 1817 tur,
357 1785 422 1812 dum
442 1785 470 1812 in
487 1783 574 1811 Verbo
597 1790 706 1810 carnem
725 1790 864 1818 nunquam
879 1781 964 1810 fuisse
976 1781 1070 1809 existi-

287 1832 380 1864 matis,
393 1831 518 1866 specioso
535 1830 668 1857 vocabulo
681 1837 737 1856 rem
752 1829 838 1864 ipsam
859 1836 959 1863 negare
971 1828 998 1854 in
1011 1828 1070 1855 ani—

287 1884 363 1904 mum
388 1875 534 1907 inducatis,
548 1881 577 1902 ut
599 1874 666 1901 nihil
687 1874 715 1900 in
739 1874 859 1901 increato
877 1873 1070 1900 conﬁteamini.

286 1923 354 1951 Nam
371 1923 428 1951 sola
443 1922 551 1950 deitatis
565 1921 741 1949 subsistentia
758 1920 880 1947 increata
895 1919 1070 1954 intelligitur;

287 1971 325 1998 ita
339 1975 367 1997 ut
379 1969 491 2004 impium
508 1968 552 1999 sit,
563 1967 603 1994 vel
619 1967 765 1994 increatam
777 1964 943 1999 passibilem,
957 1965 997 1991 vel
1011 1972 1072 1999 pas-

288 2015 395 2044 sibilem
408 2015 557 2042 inereatam
571 2012 717 2047 appellare.
731 2009 876 2037 Conditam
896 2010 968 2037 enim
984 2009 1072 2036 homi-

287 2061 332 2088 nis
354 2064 491 2091 naturam,
505 2065 559 2084 non
584 2057 685 2084 unione
705 2055 793 2083 Verbo
813 2056 963 2090 propriam,
983 2055 1030 2082 sed
1047 2055 1072 2082 ei

289 2111 451 2135 cozternam
465 2111 536 2136 esse,
549 2102 650 2136 Deique
663 2105 767 2128 natura!
782 2105 950 2135 exaequatam
964 2107 1012 2134 per
1028 2107 1073 2126 na-

289 2158 357 2180 tnrze
369 2151 548 2181 identilatem,
564 2147 677 2182 impium
694 2150 735 2174 est
749 2147 877 2182 cogitare.
891 2145 988 2173 Carnis
999 2146 1071 2173 enim

1119 1556 1204 1592 μῶσιν
1217 1565 1224 1571 ·
1239 1557 1256 1592 ἢ
1273 1558 1379 1588 πάντως
1399 1556 1468 1583 κατὰ
1489 1558 1538 1592 τὴν
1562 1555 1610 1591 τῆς
1637 1554 1735 1591 σαρκὸς
1761 1551 1877 1585 ἐπίδειξιν,

1117 1602 1165 1628 καὶ
1178 1601 1250 1628 κατά
1262 1601 1311 1638 τὴν
1323 1602 1430 1637 μορφὴν
1446 1601 1493 1628 τοῦ
1504 1601 1608 1633 δούλου,
1627 1601 1749 1627 τουτέστι
1766 1599 1807 1626 τοῦ
1820 1606 1878 1632 πρω-

1117 1647 1267 1674 τοπλάστου
1307 1647 1403 1682 Ἀδὰμ,
1429 1647 1462 1683 ἢν
1487 1647 1582 1674 ἐλαϐεν
1611 1647 1625 1673 ό
1657 1648 1686 1674 ὲν
1719 1646 1801 1682 μορφῇ
1823 1641 1877 1670 Θεοῦ

1119 1693 1247 1728 ὑπάρχων
1275 1693 1351 1724 Θεός.
1373 1693 1460 1724 Ὂλως
1480 1693 1528 1728 μὲν
1549 1689 1596 1718 οὖν
1613 1692 1645 1718 ὲν
1662 1693 1717 1724 τοῖς
1730 1687 1878 1725 ποιήμασιςὸ

1119 1738 1263 1774 λεγόμενον
1287 1739 1430 1770 ἀκτιστον,
1447 1738 1478 1764 τὺ
1497 1738 1609 1774 μηδέτω
1634 1738 1756 1774 ὑπάρξαν
1780 1736 1876 1770 λέγεται,

1119 1784 1160 1810 ὅτι
1177 1784 1214 1820 μὴ
1226 1784 1329 1819 γέγονε.
1343 1785 1388 1820 Μή
1405 1793 1431 1811 τι
1443 1783 1490 1811 οὖν
1508 1784 1574 1820 ἄρα,
1591 1784 1656 1820 μήθ’
1677 1784 1742 1815 ὅλως
1755 1783 1806 1818 (65)
1820 1788 1878 1815 γεγη-

1119 1830 1193 1857 νέναι
1213 1831 1242 1857 ὲν
1255 1829 1294 1865 τῷ
1309 1830 1387 1866 Λόγῳ
1411 1830 1499 1866 σάρκα
1523 1830 1766 1866 ὑπολαμϐάνοντες,
1786 1828 1877 1862 εὐφήμῳ

1120 1876 1191 1909 λέξει
1206 1875 1341 1903 ποιεῖσθαι
1357 1877 1403 1903 καὶ
1419 1876 1468 1912 τὴν
1482 1876 1597 1912 ἀρνησιν
1613 1877 1694 1909 εὐθὺς
1717 1876 1829 1906 ἐννοεῖτε,
1845 1873 1877 1898 ἶνα

1122 1921 1205 1957 μηδὲν
1217 1921 1246 1947 ὲν
1261 1921 1300 1956 τῷ
1318 1921 1437 1957 ἀκτίστῳ
1462 1921 1659 1958 ὁμολογήσητε.
1690 1922 1820 1950 ’Δκτιστος
1835 1917 1876 1952 γὰρ

1122 1967 1237 2001 ὓπαρξις
1255 1967 1322 2003 μόνη
1336 1968 1353 2003 ἡ
1365 1967 1415 2002 τῆς
1430 1967 1556 2004 θεότητος
1572 1969 1672 1995 νοεῖται
1685 1977 1691 1983 ·
1713 1967 1778 1994 ὥστε
1789 1966 1828 1992 καὶ
1840 1964 1877 1997 τὴν

1122 2013 1248 2040 ἀκτιστον
1270 2013 1395 2048 παθητὴν
1420 2013 1509 2048 λέγειν
1532 2013 1641 2046 ἀσεϐὲς,
1662 2014 1710 2041 καὶ
1721 2013 1766 2049 τὴν
1777 2009 1877 2044 παθητὴν

1122 2058 1248 2085 ἀκτιστον
1263 2059 1418 2094 ὀνομάζειν.
1431 2060 1487 2096 Τὴν
1497 2059 1551 2097 γὰρ
1566 2060 1725 2096 ποιηθεῖσαν
1737 2060 1783 2094 τῆς
1793 2056 1876 2091 ἀνθρωα

1123 2103 1238 2139 πότητος
1264 2104 1362 2139 φύσιν,
1380 2104 1417 2140 μή
1431 2106 1464 2141 τῇ
1484 2105 1578 2132 ἑνώσει
1601 2105 1658 2141 (66)
1677 2106 1722 2132 τοῦ
1735 2105 1812 2139 Λόγου
1824 2099 1877 2128 εἶναι

1125 2148 1202 2181 ἰδίαν,
1227 2148 1294 2176 ἀλλά
1313 2149 1455 2182 συνατδιον,
1482 2151 1529 2177 καὶ
1549 2152 1582 2186 τῇ
1609 2151 1658 2178 τοῦ
1677 2150 1743 2177 Θεοῦ
1759 2149 1829 2184 φύσει
1845 2145 1877 2176 ἐξ·

288 2204 316 2226 et
329 2197 469 2233 sanguinis
493 2195 651 2229 ossiumque
677 2193 813 2228 specimen
835 2192 958 2220 exhibuit
978 2191 1066 2219 Domi-

1124 2194 1268 2230 ισουμένην
1284 2196 1317 2230 τῇ
1334 2195 1478 2232 ταυτότητι
1489 2197 1538 2232 τῆς
1552 2196 1660 2231 φύσεως
1675 2198 1778 2228 ἐννοεῖν,
1792 2192 1877 2222 ἀσεϐές.

287 2250 357 2276 uns,
371 2248 475 2269 necnon
491 2239 575 2268 animi
588 2239 714 2271 dolentis,
730 2238 892 2273 perturbati,
908 2238 992 2266 anxii.
1009 2237 1072 2265 Haec

289 2295 370 2317 nemo
382 2288 482 2315 dixerit
509 2290 633 2314 naturam
646 2285 754 2313 deitatis
764 2292 824 2312 esse
838 2294 844 2312 :
859 2285 967 2320 propria
982 2289 1072 2312 autem

290 2335 346 2362 Deo
366 2333 517 2362 secundum
543 2337 669 2359 naturam
698 2331 769 2358 facta
801 2337 874 2364 sunt,
896 2339 958 2359 cum
987 2330 1074 2358 Verbo

289 2380 391 2415 placuit
418 2379 567 2407 humanam
587 2377 680 2406 subire
701 2376 912 2412 generationem,
940 2384 1074 2412 suumque

325 2437 348 2453 ³⁵
364 2435 430 2464 Luc.
445 2444 476 2469 ll,
494 2435 519 2468 7,
532 2435 578 2463 ‘28.
616 2434 639 2450 “
653 2433 737 2461 Hebr.
756 2442 786 2467 ll,
800 2434 843 2461 ll.

327 2482 384 2518 (6|)
400 2481 534 2518 ilmcivide
545 2489 638 2516 supra,
651 2480 865 2518 Ad_Epict_etum,
877 2489 903 2515 p.

401 2517 439 2544 lta
455 2517 567 2552 Seguer.
580 2515 615 2544 'et
635 2517 675 2543 sic
695 2515 835 2550 legendum
855 2520 905 2543 est.
923 2515 1006 2549 Editi,
1027 2515 1072 2551 Τῷ

358 2561 400 2579 κτ.

328 2587 382 2622 (65)
394 2586 574 2614 Goblerianus
585 2591 612 2614 et
622 2585 694 2622 Felc.
713 2585 729 2622 l7
748 2585 858 2622 habent,
869 2587 886 2622 ή
898 2585 1017 2620 εὐλογία,
1029 2586 1077 2613 καὶ

292 2619 389 2657 καταρ.
405 2622 493 2655 Atque
509 2623 544 2648 ita
561 2621 625 2656 legit
644 2619 775 2657 Nannius.
791 2621 862 2649 lnl‘ra
880 2619 976 2654 iidem,
993 2625 1022 2648 ut
1046 2625 1073 2648 et

293 2658 356 2692 legit
371 2656 502 2687 Nannius.
514 2657 690 2692 διδασκομένη
706 2656 765 2682 καθ’
777 2657 860 2692 ἡμᾶς.

329 2691 385 2726 (64)
410 2692 455 2718 Sic
475 2692 596 2726 Segncr.,
616 2693 715 2718 tectius
729 2699 810 2726 quam
833 2692 899 2718 editi
911 2696 938 2718 et
957 2691 1003 2718 alii
1026 2691 1073 2726 qui

295 2727 404 2757 habent,
420 2727 499 2752 αὑτοῦ
529 2727 610 2753 Paulo
630 2731 689 2760 post
700 2727 780 2758 idem,
796 2728 809 2753 ὁ
820 2726 950 2760 ἁγιάζων.

330 2762 384 2797 (65)
400 2761 446 2797 Mji
458 2770 486 2788 τι
499 2761 714 2797 ἀραμιιδόλῳς.
731 2762 776 2788 Sic
798 2761 907 2788 Gobler.
921 2763 1032 2797 Segner.
1048 2766 1075 2788 et

296 2783 448 2832 ερῑξῖτςῑῑις
461 2783 555 2828 ὲὶιῖίῒέζ
564 2783 775 2832 mantia};
787 2783 1075 2831 μξδιξίυιξιῖδξλιῑε

291 2835 358 2866 gite.
373 2831 480 2858 Goblcr.
497 2831 609 2866 Seguer.
628 2837 654 2859 et
671 2831 760 2858 Felck.
776 2832 787 2858 l
801 2851 808 2865 ,
829 2833 875 2858 mi
889 2832 938 2868 τὴν
960 2833 1074 2868 ἄρνησιν

1125 2240 1228 2275 Σαρκὸς
1238 2241 1292 2276 γὰρ
1309 2242 1355 2268 καὶ
1371 2241 1486 2277 αἵματος
1501 2243 1548 2269 καὶ
1559 2242 1660 2270 ὀστέων
1673 2242 1793 2274 ἐπίδειξιν
1803 2238 1879 2271 ἐποιή-

1125 2293 1190 2312 σατο
1209 2285 1311 2322 Κύριος
1321 2306 1328 2319 ,
1344 2287 1391 2314 καὶ
1410 2287 1500 2323 ψυχῆς
1514 2288 1698 2324 λυπουμένης,
1717 2288 1762 2314 καὶ
1775 2291 1879 2321 ταραττο·

1127 2331 1220 2366 μένης,
1234 2332 1281 2359 καὶ
1293 2332 1490 2370 ἀδημονούσης.
1505 2334 1599 2361 Ταῦτα
1614 2334 1643 2361 δὲ
1660 2335 1709 2361 οὐκ
1723 2335 1753 2361 ἄν
1767 2341 1804 2363 τις
1822 2330 1879 2356 εἴποι

1127 2377 1208 2412 φύσιν
1223 2376 1292 2405 εἶναι
1310 2378 1436 2414 θεότητος
1449 2388 1456 2395 ·
1471 2379 1524 2407 ἴδια
1536 2381 1564 2407 δὲ
1579 2381 1646 2407 Θεοῦ
1663 2381 1719 2416 (67)
1740 2378 1803 2407 κατὰ
1816 2375 1880 2411 φύσιν

1127 2479 1217 2511 εὐθύς.
1235 2478 1266 2515 In
1277 2479 1357 2515 editis
1371 2479 1447 2507 deest
1459 2480 1515 2514 ut,
1529 2485 1557 2507 et
1572 2480 1660 2511 εὐθύς.
1677 2474 1879 2515 Seguerian._§_0-

1127 2516 1193 2555 bler.
1208 2519 1239 2555 et
1247 2513 1319 2542 Felc.
1339 2516 1363 2547 l,
1375 2515 1457 2549 paulo
1472 2511 1541 2550 pos“
1558 2511 1747 2551 ὁμολογήσητε.
1762 2514 1789 2540 ln
1805 2511 1878 2538 editis“.

1126 2549 1298 2586 ὁμολογῆται.
1472 2549 1479 2550 ί
1576 2549 1581 2551 ’
1667 2549 1672 2551 ’
1703 2549 1707 2550 ⁷

1164 2584 1218 2620 (66)
1232 2584 1280 2620 Mf;
1293 2582 1329 2618 τῇ
1338 2583 1454 2610 erant.
1471 2585 1516 2612 Sic
1533 2584 1655 2620 Seguer.,
1672 2589 1699 2612 et
1710 2583 1748 2611 sic
1761 2578 1878 2617 legendum

1129 2620 1242 2647 videtur.
1255 2619 1336 2650 Edit.,
1351 2619 1417 2654 μήτε
1431 2619 1533 2646 ἑνώσει.

1162 2665 1216 2700 (67)
1225 2665 1341 2698 Anglia.
1356 2664 1408 2691 εδια
1423 2665 1449 2692 δὲ
1462 2665 1508 2691 τοῦ
1520 2665 1598 2692 Θεοῦ.
1611 2665 1694 2692 Paulo
1705 2666 1770 2698 post,
1785 2659 1876 2700 nguﬁr-

1127 2695 1234 2728 Go‘bler.
1248 2695 1277 2736 et
1290 2699 1360 2736 Felc.
1371 2700 1396 2730 l,
1408 2701 1567 2736 γεννήσεως.
1587 2701 1654 2728 Editi
1675 2695 1772 2736 τρώει
1783 2695 1835 2736 alii;

1127 2726 1236 2766 νέσεως.
1248 2735 1309 2771 Mox
1326 2726 1438 2768 Segue'r.
1455 2726 1501 2762 καὶ
1517 2726 1564 2771 τὴν
1579 2726 1810 2771 exsecutione

1129 2771 1155 2802 1,
1168 2758 1277 2805 καίτὴν
1294 2758 1385 2796 duros.
1398 2758 1449 2796 Alii
1466 2776 1492 2797 ct
1505 2758 1695 2805 etliiivxailéqv
1711 2765 1806 2795 ἑαυτοῦ.
1821 2758 1876 2788 |I|fra

1129 2804 1297 2841 Segner.,év
1309 2804 1407 2840 ἐαυτῷ.
1426 2805 1487 2838 Alii,
1507 2807 1535 2832 ἐν
1547 2806 1627 2841 αὐτῷ.
