1954 3041
121 150 188 180 “Oi

576 149 716 177 CONTRA
733 149 991 178 APOLLINARIUM
1011 148 1111 176 LIBER
1130 147 1273 178 PRIMUS.

1671 141 1740 169 ΗΜ

120 209 243 246 γέγονεν,
258 212 452 248 εὐδοκήσαντος
464 210 510 238 τοῦ
526 210 612 245 Λόγου
631 211 794 246 ἀνασχέσθαι
805 212 904 247 γεννή-

966 211 1041 246 psius
1056 218 1124 246 opus
1137 211 1164 238 in
1180 214 1300 245 peccato,
1313 208 1498 244 corruptione.
1508 211 1536 235 et
1550 209 1638 234 morte
1650 204 1740 232 disso-

122 265 191 289 σιως
205 257 391 294 ἀνθρωπίνης,
408 257 455 284 καὶ
479 256 529 292 τὴν
551 256 648 283 ἑαυτοῦ
669 257 779 293 ποίησιν
801 257 851 292 τὴν
877 257 907 283 ἑν

122 303 244 339 ἁμαρτίᾳ
269 303 317 330 καὶ
344 302 432 338 φθορᾷ
459 302 506 329 καὶ
540 302 646 338 θανάτῳ
676 302 848 338 διαχυθεῖσαν
878 303 907 329 ὲν

121 348 212 384 ἑαυτῷ
228 348 410 384 συστήσασθαι
426 348 456 374 ὲν
480 348 564 375 εικόνι
591 347 759 384 καινότητος.
789 348 834 375 Διὸ
857 349 906 384 τῆς

123 394 174 430 μὲν
198 395 334 430 ἁμαρτίας
352 395 402 429 τὴν
427 394 589 429 κατάκρισιν
608 395 654 421 ὲπι
676 395 728 430 γῆς
749 395 905 430 ἐποιήσατοο

121 438 171 472 τῆς
186 437 214 464 δὲ
231 439 354 474 κατάρας
366 438 416 474 τὴν
431 438 591 474 καθαίρεσιν
608 439 666 476 (68)
680 440 727 466 ἐπὶ
744 439 823 473 ξύλου
836 448 843 455 ·
858 440 908 475 τῆς

122 491 152 509 τε
167 483 270 519 φθορᾶς
289 484 338 519 τὴν
353 484 540 520 ἀπολύτρωσιν
559 485 589 511 ὲν
609 485 648 520 τῷ
671 485 764 521 τάφῳ·
786 486 834 512 καὶ
859 484 907 512 τοῦ

122 528 238 555 Θανάτου
263 529 314 564 τὴν
336 529 484 556 κατάλυσιν
503 531 532 557 ὲν
552 529 592 564 τῷ
618 530 686 567 ᾅδῃ·
703 530 784 557 παντὶ
809 530 908 563 ἐπιϐὰς

122 574 209 610 τόπῳ,
222 574 265 601 ἵνα
286 574 334 601 τοῦ
351 575 507 610 σύμπαντος
529 577 672 612 ἀνθρώπου
695 577 746 613 τὴν
770 577 907 612 σωτηρίαν

123 621 338 656 κατεργάσηται,
367 621 473 657 μορφὴν
498 622 548 657 τῆς
575 622 710 658 ἡμετέρας
742 623 846 655 εἰκόνος
877 625 908 650 ὲν

124 666 212 700 ἑαυτῷ
225 667 443 702 ἐπιδεικνύμενος
459 667 526 702 (69).
548 668 625 694 Ἐπεὶ
640 668 681 700 τίς
702 666 735 704 ἦν
753 669 832 704 χρεία
848 668 908 703 Θεῷ

123 713 275 747 γεννήσεως
291 712 341 747 τῆς
354 714 386 739 ὲκ
400 712 528 747 γυναικὸς
553 713 718 748 ἀνασχέσθαι
733 722 742 747 ;
767 713 908 748 αὑξήσεώς

123 766 154 784 τε
176 757 294 792 ἡλικίας,
321 758 368 784 καὶ
395 758 463 785 ἑτῶν
481 758 654 794 ἀριθμήσεως
681 759 720 794 τῷ
742 760 840 795 ποιητῇ
854 759 909 785 τῶν

124 802 246 835 αἱώνων;
275 803 292 839 ἢ
317 804 396 831 πάλιν
424 805 553 840 σταυροῦ,
577 805 594 840 ἢ
622 805 720 839 τάφου,
739 805 756 840 ἢ
775 804 849 840 ᾅδου,
869 802 909 836 οἷς

125 850 205 884 ἡμεῖς
221 850 466 884 ὑποπεπτώκαμεν,
488 851 511 876 εί
533 851 569 886 μὴ
592 851 665 885 ἡμᾶς
678 850 779 886 ἐζήτει,
800 849 844 876 διὰ
859 849 909 884 τῆς

957 256 1056 288 lutum,
1076 257 1103 284 in
1119 256 1210 291 seipso
1225 256 1253 283 in
1275 254 1403 282 novitatis
1414 253 1559 288 imaginem
1574 252 1739 279 instaurare.

957 302 1128 338 Quapropter
1159 301 1262 337 peccati
1290 301 1400 336 quidem
1432 298 1683 327 condemnationem
1712 297 1740 324 in

957 353 1040 381 terra,
1054 347 1252 375 maledictionis
1275 346 1448 375 abolitionem
1465 345 1492 372 in
1515 344 1598 378 ligno,
1612 350 1628 370 a
1646 349 1741 370 corru-

957 394 1050 429 ptione
1064 394 1263 421 immunitatem
1285 393 1312 420 in
1334 392 1460 427 sepulcro
1472 412 1479 424 ,
1496 390 1646 424 mortisque
1665 388 1740 416 solu-

957 440 1058 467 tionem
1079 441 1106 468 in
1128 439 1235 467 inferno
1250 439 1371 474 peregit;
1387 444 1550 472 omnemque
1569 436 1659 464 locum
1679 443 1742 470 per-

958 486 1069 516 meavit.
1088 490 1119 513 ut
1143 485 1226 513 totius
1249 485 1369 512 hominis
1389 485 1502 512 salutem
1517 482 1668 518 perficeret,
1679 489 1741 508 cum

958 531 1072 559 formam
1086 532 1167 567 739
1181 535 1281 559 nostrae
1300 530 1427 566 imaginis
1453 529 1480 556 in
1500 529 1590 564 seipso
1608 527 1741 555 exhibuit.

957 576 1025 604 Nam
1038 577 1103 612 quid
1115 581 1174 604 erat
1186 584 1254 612 opus
1269 576 1325 604 Deo
1339 580 1368 604 ut
1383 584 1417 604 ex
1442 575 1543 603 femina
1557 574 1633 602 nasci
1645 573 1741 608 digna-

958 623 1053 649 retur?
1069 622 1133 656 quid
1150 622 1247 650 factori
1272 622 1434 650 saeculorum
1455 629 1523 656 opus
1541 624 1571 648 ut
1588 625 1690 648 statura
1715 623 1743 646 et

959 675 1093 694 annorum
1110 675 1224 694 numero
1244 667 1398 695 cresceret?
1414 670 1461 694 aut
1474 673 1571 693 rursus
1590 665 1654 700 quid
1673 672 1742 699 opus

959 713 998 740 illi
1013 720 1103 746 cruce,
1115 713 1249 748 sepulcro,
1265 717 1311 740 aut
1326 712 1443 745 inferno,
1454 712 1553 747 quibus
1568 719 1616 738 nos
1631 710 1742 738 obnoxii

958 758 1021 786 tacti
1038 758 1207 790 sumus,nisi
1222 766 1272 786 nos
1286 762 1427 793 quaereret,
1444 761 1474 784 ut
1486 764 1533 792 per
1547 756 1663 784 formam
1682 763 1743 791 quae

960 809 1060 831 nostra:
1081 804 1176 831 similis
1193 808 1235 831 est
1257 812 1308 832 nos
1328 803 1487 836 viviﬁcaret,
1503 807 1583 838 atque
1594 802 1626 828 ad
1647 801 1744 829 simili-

960 850 1082 877 tudinem
1103 850 1337 884 imitationemque
1358 848 1484 884 perfectae
1503 848 1630 883 imaginis
1644 855 1744 883 provo-

97 897 113 914 “
124 895 186 922 καθ’
204 896 277 930 ἡμᾶς
295 895 402 930 μορφῆς
418 895 557 927 ζωοπιῶν
579 896 652 931 ἡμᾶς
665 895 712 922 καὶ
729 896 768 927 εἰς
781 895 910 930 ὁμοίωσιν

965 896 1053 924 caret?
1066 895 1181 923 Imitatio
1203 900 1293 923 autem
1311 895 1497 931 perfectionis,
1519 894 1657 930 quomodo
1682 901 1744 921 esse

125 940 173 967 καὶ
190 940 303 975 μίμησιν
319 941 423 972 τελείας
448 941 551 973 εἰκόνος
574 941 831 977 προσκαλούμενοςς
858 941 911 968 Μί-

128 995 208 1022 μησις
221 987 250 1013 δὲ
265 986 323 1018 πῶς
336 987 368 1013 ἂν
382 987 486 1021 γένοιτο
499 987 568 1022 πρὸς
578 987 740 1023 τελειότητα,
754 987 791 1023 μὴ
805 989 911 1023 προῦπ-

126 1033 248 1068 αρξάσης
269 1033 319 1068 τῆς
339 1033 478 1065 ἀνενδεοῦς
498 1033 687 1069 τελειότητος;
713 1034 782 1060 κατὰ
798 1034 842 1060 τὸν
865 1033 910 1060 λέ·-

125 1087 209 1113 γοντα
224 1079 402 1106 Ἀπόστολονι
425 1079 679 1114 ’Λπεκδυσάμενοι
703 1080 757 1106 τὸν
779 1079 909 1107 παλαιὸν

960 941 1088 976 potuerit,
1095 942 1146 969 uisi
1157 941 1232 976 prius
1241 941 1374 969 exstiterit
1383 941 1507 969 absoluta
1517 940 1645 976 perfectio
1652 941 1743 976 ?juxta

960 986 1026 1014 illud
1034 987 1155 1022 Apostoli
1169 996 1176 1014 :
1191 986 1375 1022 Eupalium“
1389 995 1432 1014 vos
1445 991 1553 1014 veterem
1566 987 1706 1020 hominem,
1719 993 1744 1014 et

960 1034 1097 1061 indutanter
1115 1041 1219 1066 novum,
1234 1033 1279 1068 qui
1294 1033 1437 1060 secundum
1449 1033 1531 1060 Deum
1544 1038 1646 1061 creatus
1666 1039 1703 1061 est
1717 1035 1745 1060 in

963 1080 1105 1106 sanctitate
1119 1083 1144 1107 et
1154 1079 1264 1113 jurtitia
1279 1079 1396 1106 veritatis
1409 1079 1441 1106 ".

125 1124 291 1158 ἄνθρωπον,
308 1125 357 1151 καί
370 1123 567 1159 ἐνδυσάμενοι
592 1124 645 1151 τὸν
660 1124 731 1151 νέον
757 1124 810 1151 τὸν
830 1125 904 1153 κατὰ
925 1125 999 1152 Θεό-ν
1012 1125 1180 1158 κτισθέντα,
1193 1124 1227 1151 ἐν
1247 1124 1380 1159 ὁσιότητι
1411 1124 1459 1151 καὶ
1491 1124 1669 1160 δικαιοσύνῃ
1690 1124 1746 1159 τῆς

126 1170 277 1204 ἀληθείας.

162 1218 189 1245 6.
203 1217 287 1244 Πόθεν
309 1215 354 1244 οὖν
381 1217 557 1252 διδαχθέντες,
585 1217 676 1252 λέγετε
703 1217 854 1249 ἄκτιστον;
880 1217 911 1244 Et

127 1263 217 1290 τοίνυν
233 1264 313 1298 φῦσις
322 1264 355 1290 ὲκ
370 1264 573 1298 μεταποιήσεως
587 1263 713 1295 ἀκτιστος
725 1263 840 1297 γίνεται,
856 1263 911 1299 ἄρα

127 1310 175 1336 καὶ
198 1309 312 1344 ἀόρατος
334 1310 381 1336 καὶ
406 1309 538 1340 ἀθάνατος
558 1317 566 1324 ·
592 1310 642 1336 οὐκ
661 1310 693 1336 ὲκ
711 1309 836 1341 θανάτου,
854 1306 910 1337 ἀλλ’

129 1355 302 1388 ﬁve-niosch
324 1355 448 1383 θανάτου.
473 1355 534 1387 Πῶς
557 1352 603 1382 οὖν
622 1356 757 1383 ἀπέθανεν
769 1357 783 1383 ὁ
799 1356 910 1392 Κύριος,

130 1402 154 1428 εί
178 1403 193 1428 ὁ
217 1402 342 1434 ἀκτιστος
366 1401 501 1432 ἀκτίστως
517 1400 574 1435 (70)
591 1401 764 1437 ἐπεδήμησεν
778 1402 824 1428 ἐπὶ
840 1401 914 1436 γῆς;

128 1447 146 1482 ἢ
161 1447 218 1480 πῶς
232 1447 327 1483 ὁρατὸς
350 1448 397 1474 καὶ
418 1447 576 1482 ψηλαφητὺς
598 1447 730 1481 γέγονενς
754 1447 792 1479 ὡς
814 1447 916 1483 γέγρα-

131 1502 197 1520 πται
209 1502 215 1508 ·
236 1494 271 1519 Ὃ
287 1493 465 1527 ἑωράκαμεν,
479 1493 528 1519 καὶ
549 1494 578 1520 al
594 1493 690 1527 χεῖρες
701 1491 786 1528 ἡμῶν
803 1492 916 1528 ἐψηλά-

131 1549 245 1575 φησαν.
263 1541 326 1571 Πῶς
348 1537 394 1566 οὖν
419 1539 524 1573 λέγετε,
550 1539 566 1566 ἃ
589 1540 625 1575 μὴ
653 1539 817 1574 γέγραπται,
845 1529 950 1575 μήτεο

131 1586 211 1622 θέμις
238 1587 357 1618 ἒννοεῖνς
379 1585 484 1612 Δώσετε
509 1586 563 1620 γὰρ
589 1586 670 1612 πᾶσιν
684 1586 830 1621 αἱρετικοίς
845 1584 916 1612 κατὰ

131 1633 181 1668 τὴν
194 1632 240 1658 τοῦ
254 1632 319 1658 ποτὲ
332 1632 478 1667 λεγομένου
495 1630 634 1667 Ῥητορίου
646 1630 749 1657 ἔννοιαν
771 1630 916 1658 ἀσεϐεστά-

132 1686 192 1713 την,
212 1675 242 1704 οὗ
261 1678 307 1704 καὶ
321 1676 370 1712 τὴν
385 1677 512 1703 ἀσέϐειαν
531 1676 649 1709 ἐξειπεῖν
671 1675 794 1711 φοϐερόν.
814 1676 849 1702 Ἦ
863 1675 916 1702 τοί-

133 1730 180 1749 νυν
191 1721 345 1758 ἀρνήσασθε
359 1721 408 1752 τὰς
425 1721 499 1753 θείας
520 1720 639 1756 Γραφὰς,
659 1720 676 1755 ἢ
693 1720 794 1752 ταύτας
818 1719 915 1755 ὁμολο-

133 1768 254 1802 γοῦντες,
273 1767 310 1803 μὴ
325 1767 405 1802 ἕτερα.
431 1767 506 1803 παρὰ
530 1767 564 1794 τὰ
590 1767 770 1803 γεγραμμένα
784 1767 916 1794 ἐπινοεῖτε

131 1815 222 1841 λαλεῖν
239 1815 348 1850 ῥήματα
361 1813 469 1849 ἀπάτης
482 1813 599 1840 ἀνιάτου.
620 1812 699 1839 Ἀλλὰ
715 1812 794 1839 πάλιν
808 1811 915 1847 λέγετε,

133 1860 177 1886 ὅτι
193 1860 289 1895 Ἡμεῖς
299 1859 427 1895 κτίσματι
440 1859 496 1893 (71)
511 1859 540 1885 οὐ
559 1857 773 1894 προσκυνοῦμεν.
790 1855 825 1884 ’Ὦ
838 1857 917 1893 ἀνόη-

133 1913 175 1932 τοι
187 1906 194 1932 ί
208 1906 252 1932 διὰ
265 1905 290 1932 τί
302 1906 331 1932 οὐ
344 1904 494 1940 λογίζεσθε,
512 1904 552 1930 ὅτι
573 1904 619 1930 καὶ
647 1904 758 1939 ποιηθὲν
780 1903 811 1930 τὸ
837 1903 916 1938 σῶμα

132 1951 180 1979 τοῦ
197 1952 298 1988 Κυρίου
323 1951 354 1978 οὐ
379 1951 489 1987 κτιστὴν
511 1950 678 1986 ἀποφέρεται
699 1950 748 1985 τὴν
764 1949 918 1986 προσκύνη-

136 2005 195 2031 σιν;
210 1997 262 2024 Τοῦ
276 1996 331 2032 γὰρ
347 1997 474 2023 ἀκτίοτου
487 1996 574 2030 Λόγου
588 1996 683 2029 γέγονε
698 1994 777 2030 σῶμα
790 2003 798 2011 ο
819 1992 848 2022 οὗ
863 1995 917 2030 γὰρ

134 2042 215 2078 σῶμα
234 2042 340 2076 γέγονε,
357 2041 444 2076 τούτῳ
464 2041 614 2076 προσάγετε
634 2041 681 2067 καὶ
697 2041 747 2076 τὴν
765 2040 918 2076 προσκύνη-

134 2094 176 2112 σιν
185 2085 256 2120 (72).
267 2085 328 2120 'Ap‘
343 2083 388 2112 οὖν
402 2085 448 2111 καὶ
463 2086 654 2120 προσκυνεῖται
666 2085 855 2120 όφειλομένως,
872 2085 918 2112 καὶ

133 2130 231 2162 θεῖκῶς
255 2131 445 2166 προσκυνεῖται
465 2139 473 2145 υ
495 2130 560 2162 Θεὸς
572 2130 626 2166 γὰρ
643 2131 657 2156 ό
679 2131 765 2165 Λόγος
788 2131 874 2163 ἐστὶν,
886 2127 917 2158 οὗ

131 2177 162 2203 τὺ
175 2176 254 2212 σῶμα
269 2176 333 2203 ῐδιον
345 2176 472 2212 τυγχάνει
485 2185 492 2191 ·
508 2177 570 2203 ἐπεὶ
583 2177 629 2203 καὶ
644 2177 688 2202 ὅτε
712 2176 869 2212 προσῄεσαν
887 2176 916 2202 αι

999 1217 1026 1245 6.
1041 1217 1063 1244 A
1078 1224 1132 1253 quo
1147 1225 1211 1253 ergo
1223 1217 1311 1245 edocti
1326 1217 1477 1245 incrcatum
1500 1217 1576 1244 illum
1593 1217 1702 1245 dicitis?
1717 1217 1745 1245 Si

963 1263 1047 1298 Igitur
1063 1267 1160 1291 natura
1174 1271 1207 1291 ex
1224 1263 1374 1290 mutatione
1392 1263 1422 1291 iit
1436 1263 1572 1297 increata;
1588 1272 1652 1300 ergo
1663 1269 1690 1292 et
1705 1266 1747 1292 in-

964 1309 1079 1337 visibilis
1090 1309 1145 1342 ﬁct,
1160 1313 1187 1336 et
1198 1309 1376 1342 immortalis;
1388 1316 1442 1336 non
1456 1313 1599 1345 postquam
1612 1319 1645 1338 ex
1660 1317 1747 1339 morte

964 1355 1152 1388 resurrexerit,
1168 1355 1215 1382 sed
1231 1355 1328 1382 mortis
1347 1363 1460 1390 prorsus
1479 1355 1593 1391 incapax
1606 1357 1667 1384 erit.
1688 1357 1747 1390 Qua

963 1408 1028 1435 ergo
1044 1401 1148 1428 ratione
1161 1405 1285 1428 mortuus
1299 1406 1342 1428 est
1357 1400 1498 1434 Dominus,
1516 1403 1539 1429 si
1552 1402 1690 1430 increatus
1705 1404 1748 1429 in-

965 1451 1055 1474 creato
1080 1445 1162 1474 modo
1185 1446 1325 1474 advenerit
1345 1446 1372 1473 in
1396 1450 1517 1479 terram;
1540 1452 1587 1474 aut
1610 1448 1748 1482 quomodo

964 1492 1080 1520 visibilis
1093 1496 1120 1520 et
1129 1492 1271 1527 palpabilis
1285 1491 1374 1520 factus
1389 1497 1440 1526 est,
1455 1493 1526 1520 sicut
1542 1493 1673 1528 scriptum
1687 1498 1747 1522 est:

966 1537 1042 1571 Quod
1068 1538 1180 1565 vidimus
1200 1543 1225 1565 et
1246 1547 1339 1565 manus
1356 1543 1452 1565 noema
1464 1542 1687 1567 contrectarerunt
1703 1540 1749 1567 “1'

962 1582 1021 1610 Cur
1036 1583 1128 1618 itaque
1141 1591 1173 1611 ea
1190 1583 1290 1617 dicitis,
1307 1592 1367 1619 qum
1382 1592 1432 1611 nec
1446 1584 1545 1619 scripta
1560 1585 1625 1619 sint,
1640 1594 1689 1613 nec
1708 1586 1749 1614 fas

966 1629 1001 1656 sit
1021 1627 1308 1663 cogitareYOmuibus
1332 1629 1406 1656 enim
1429 1628 1565 1658 haereticis
1586 1632 1749 1659 sententiam

966 1673 1172 1708 suppeditabitis
1183 1674 1382 1709 impiissimam,
1397 1683 1478 1710 quatn
1493 1676 1576 1703 tenuit
1589 1677 1654 1704 olim
1669 1678 1691 1705 is
1703 1678 1749 1713 qui

966 1718 1112 1746 Rbetorius
1127 1721 1274 1747 vocabatur
1286 1728 1293 1753 ;
1303 1721 1382 1755 cujus
1395 1721 1559 1756 impietatem
1573 1721 1674 1750 referre
1685 1723 1750 1752 bor-

965 1769 1007 1793 ret
1027 1765 1145 1794 animus.
1159 1766 1212 1793 Aut
1238 1766 1320 1802 igitur
1336 1767 1442 1795 divinas
1467 1772 1563 1803 negate
1576 1767 1750 1804 Scripturas:

967 1817 1014 1839 aut
1028 1813 1050 1839 si
1064 1820 1111 1840 eas
1124 1812 1278 1844 admittitis,
1291 1820 1325 1840 ne
1338 1817 1433 1848 praeter
1443 1821 1474 1841 ea
1486 1822 1546 1848 quae
1561 1815 1660 1850 scripta
1675 1821 1750 1849 sunt,

966 1858 1017 1885 alia
1034 1858 1155 1893 proferre
1169 1859 1326 1894 excogitetis
1349 1859 1509 1887 insanabilis
1526 1859 1641 1888 fallaciae
1654 1862 1750 1890 verba.

967 1904 1020 1932 Sed
1032 1913 1140 1932 rursum
1159 1905 1270 1933 dicitis:
1286 1904 1342 1932 Nos
1358 1910 1510 1934 creaturam
1523 1914 1576 1934 non
1592 1908 1749 1936 adoramus.

967 1949 989 1978 0
1005 1951 1098 1978 stulti!
1119 1958 1169 1978 cur
1189 1959 1241 1978 non
1264 1951 1406 1986 cogitatis,
1429 1959 1527 1987 corpus
1549 1952 1658 1981 Domini
1678 1954 1752 1990 quod

968 1995 1069 2024 factum
1088 2001 1129 2024 est
1142 1997 1325 2024 adorationem
1339 2005 1392 2024 non
1405 1998 1514 2033 exigere
1527 2006 1588 2034 quae
1599 1999 1637 2026 rei
1655 2005 1753 2028 creata:

967 2042 1193 2069 debeatur?Nam
1218 2043 1330 2070 increati
1353 2042 1436 2071 Verbi
1455 2051 1554 2079 corpus
1576 2044 1674 2072 factum
1693 2051 1749 2074 est:

969 2095 1001 2115 ac
1014 2088 1065 2123 ipsi
1077 2088 1155 2123 cujus
1166 2096 1266 2124 corpus
1279 2089 1383 2117 factum
1397 2094 1439 2117 est
1450 2090 1634 2119 adorationem
1649 2092 1753 2120 ail‘ertis

968 2139 1097 2161 vestram.
1119 2133 1211 2161 Debita
1231 2142 1295 2170 ergo
1312 2140 1339 2163 et
1350 2135 1441 2163 divina
1458 2136 1617 2165 adoratione
1633 2139 1751 2167 colitur:

970 2178 1041 2206 Deus
1054 2179 1126 2207 enim
1148 2185 1191 2207 est
1205 2179 1321 2208 Verbum
1336 2181 1415 2215 cujus
1428 2189 1527 2217 corpus
1540 2189 1582 2210 est
1595 2184 1751 2219 proprium:

131 2222 411 2258 γυναῖκεςτῷΚυρίῳ,
419 2222 575 2249 διακωλύων
587 2221 675 2256 ἔλεγε,
686 2220 733 2255 Μή
739 2231 798 2256 μου
808 2221 912 2249 ἅπτου·

969 2225 1068 2260 quippe
1092 2233 1154 2253 cum
1172 2229 1346 2253 accesserunt
1361 2226 1488 2255 mulieres
1506 2228 1539 2254 ad
1552 2228 1706 2261 Dominum,
1718 2230 1752 2257 il-

132 2269 214 2296 οὔπω
226 2269 282 2303 γὰρ
295 2268 463 2302 ἀναϐέϐηκα
482 2268 557 2302 πρὸς
579 2267 632 2294 τὸν
645 2267 760 2301 Πατέρα
780 2276 852 2302 μου,
869 2275 918 2302 ση-

133 2314 246 2349 μαίνων,
273 2314 314 2340 ὅτι
337 2314 415 2349 χρεία
434 2313 602 2346 ἀναϐάσεως,
621 2313 669 2340 καὶ
682 2313 724 2339 ὅτι
739 2313 788 2348 μία
806 2312 883 2340 ἔσται
899 2313 917 2348 ή

168 2391 191 2406 ⁸⁸
210 2389 316 2419 Coloss.
330 2398 370 2423 ttt,
388 2389 420 2424 9;
434 2389 533 2424 Ephes.
551 2398 586 2422 Iv,
600 2389 645 2416 24.
683 2389 706 2405 ⁸⁸
725 2389 825 2417 lJoan.
846 2398 865 2422 ι,
890 2390 914 2417 l.

167 2464 223 2500 (68)
240 2463 276 2500 Ita
295 2465 407 2500 Seguer.
425 2465 531 2500 Anglic.
543 2464 650 2492 Gobler.
664 2469 690 2500 et
707 2464 778 2492 Felc.
795 2465 821 2498 i,
832 2468 913 2500 atque

131 2499 171 2535 sic
181 2500 245 2535 legit
255 2499 388 2528 Nannius.
405 2499 486 2531 Editi’.
498 2499 650 2535 ἀφαίρεσιν.
665 2499 726 2526 Mox
739 2500 830 2531 iidem,
848 2499 914 2527 ἀπο-

131 2534 327 2571 λύτρώσιν,ιιὺὶ
335 2535 411 2569 editi,
422 2534 589 2570 καθαίρεσιν.
602 2534 673 2561 Infra
685 2535 778 2567 Basil.,
786 2535 832 2561 τοῦ
845 2535 914 2570 σύμ-

131 2570 231 2601 παντος
247 2570 341 2598 τόπου.

165 2605 223 2640 (69)
237 2604 328 2645 ροδιλ
337 2609 365 2632 et
377 2604 494 2645 F‘elczd.
506 2605 747 2645 Evﬁgctipevognxat
759 2604 911 2645 ἑπιδεικνιξ-

131 2638 221 2675 μενοςζ
237 2639 299 2667 Mox
312 2640 374 2675 Seg.
388 2640 527 2675 Anglican.
545 2638 622 2668 Gobl.
639 2645 667 2667 et
681 2638 754 2667 Felc.
768 2640 794 2671 1,
817 2641 913 2675 γεννή-

131 2683 209 2707 σεως.
226 2674 306 2706 Editi,
324 2675 466 2708 γενέσεως.
482 2675 582 2702 Ibidem
605 2676 633 2702 in
659 2675 722 2708 Seg.
746 2675 806 2702 solo
825 2675 910 2706 deest,

131 2683 209 2707 σεως.
226 2683 306 2706 natu,
343 2683 466 2706 ενεσεως.
482 2683 582 2702 tmuem
605 2683 633 2702 m
660 2683 722 2708 aug.
746 2683 806 2702 solo
825 2683 910 2706 deest,

130 2709 303 2745 ἀνασχέσθαι.
324 2683 398 2737 Infra
415 2710 476 2745 Seg.
495 2709 573 2737 Gobl.
588 2715 615 2738 et
634 2709 752 2737 Felckm.
766 2709 792 2742 l,
811 2709 910 2745 ἐζήτει.

130 2743 281 2780 Εοὶιῖνςτο
293 2750 320 2773 et
335 2746 392 2778 alii,
403 2743 537 2780 ἀνεζήτει.

165 2779 295 2815 (70)γὸ98.
309 2785 336 2807 et
356 2779 628 2815 Ληείίοηάκτίστως.
644 2779 715 2806 Editi
726 2783 753 2806 et
764 2779 821 2815 alii,
835 2779 912 2815 ἀκτί-

132 2822 195 2849 στῳ.
205 2813 265 2841 Mox
274 2813 390 2849 'Seguer.
402 2813 482 2842 οουι.
495 2819 522 2842 et
536 2814 653 2842 Felckm.
665 2815 690 2845 1,
705 2813 834 2848 γεγονὼς,
846 2814 912 2842 καθ⁴

132 2848 179 2881 dig.
202 2848 348 2878 Rhetorius
373 2857 455 2885 porro
479 2849 550 2878 intra
570 2856 745 2883 memoratus,
767 2849 913 2884 Egyptius

969 2272 1011 2299 las
1035 2272 1077 2299 his
1097 2271 1222 2307 prohibet
1243 2273 1343 2306 verbis,
1367 2272 1431 2300 Noli
1448 2282 1488 2300 me
1507 2279 1622 2309 tangere,
1638 2279 1754 2304 nondum

970 2318 1039 2345 enim
1051 2317 1156 2344 (tacendi
1165 2318 1200 2344 ad
1212 2316 1320 2344 Patrem
1334 2319 1458 2351 meum",
1474 2319 1598 2347 indicans
1612 2328 1680 2356 opus
1694 2330 1754 2350 csse

954 2387 977 2402 “
995 2385 1074 2414 Joan.
1092 2393 1140 2417 xx,
1153 2385 1197 2412 t7.

967 2469 1026 2492 erat
1041 2485 1048 2497 ,
1068 2465 1115 2499 qui
1140 2471 1262 2501 eousque
1283 2465 1398 2501 insaniae
1423 2467 1556 2501 processit
1578 2472 1609 2495 ut
1634 2469 1752 2501 diceret.

967 2507 1063 2527 omnes
1077 2500 1189 2526 omnino
1201 2500 1341 2527 haereticos
1353 2500 1544 2535 recte’seutire,
1554 2508 1582 2530 et
1593 2504 1697 2531 nullum
1708 2512 1753 2532 er-

967 2542 1028 2562 rare
1044 2535 1137 2572 :gquod
1154 2534 1189 2572 ita
1204 2535 1351 2572 absurdum
1371 2537 1522 2572 Augustino
1536 2538 1653 2570 videtur,
1664 2540 1754 2566 .utvix

967 2577 1029 2605 eum
1057 2570 1093 2596 ita
1115 2570 1232 2597 sensisse
1248 2571 1358 2598 credere
1382 2570 1478 2605 possit.
1496 2571 1563 2600 Vide
1577 2572 1754 2602 Philastrium

967 2604 1063 2632 haeresi
1078 2612 1150 2640 μιν,
1165 2609 1190 2632 et
1200 2605 1314 2640 August.
1327 2604 1422 2632 barri-si
1438 2615 1522 2634 Lxxu.

1004 2640 1061 2677 t7!)
1080 2639 1161 2677 Editi.
1186 2640 1228 2677 ότι
1246 2639 1331 2677 ίῄμεῖς
1355 2641 1493 2676 κτίσματι.
1510 2642 1537 2668 In
1552 2641 1614 2677 ch.
1629 2642 1709 2670 Gobl.
1727 2649 1756 2672 et

965 2673 1039 2735 Fellc.
1051 2675 1076 2705 1,
1092 2675 1167 2702 deest
1184 2675 1235 2701 ὅτι.
1254 2673 1363 2708 ibidem,
1373 2673 1449 2708 ediii,
1462 2673 1611 2712 κτίσματεῖ.
1624 2680 1659 2705 At
1673 2678 1751 2714 Seg.,

966 2718 1000 2735 κτ
1015 2717 1107 2735 σματι.

966 2717 1107 2736 κτίσματι.

1003 2718 1126 2785 ῑξέῗτέίο
1140 2744 1217 2785 Angi.
1233 2744 1311 2772 Gobl.
1321 2744 1393 2785 Eelc.
1431 2750 1466 2785 _et
1479 2745 1540 2782 Seg.
1554 2747 1583 2775 In
1595 2749 1658 2776 edit.
1671 2757 1756 2785 προσ-

967 2779 1062 2818 ᾴγεται
1077 2780 1095 2814 ὴ
1109 2779 1300 2818 προσκρνησις.
1319 2780 1380 2808 Mox
1401 2781 1482 2808 iidem
1494 2779 1756 2818 manuscriptifitat

942 2841 946 2845 ,
967 2815 1044 2849 θεῑκῇ
1069 2816 1251 2853 προσκυνήσει
1276 2817 1476 2850 προσκυνεῖται.
1494 2817 1575 2853 Edili,
1589 2815 1755 2852 καῖθέῑκῶς

968 2851 1173 2881 προσκυνεῖται.
