1954 3041
138 149 208 178 “05

606 150 745 178 CONTRA
765 149 1024 177 APRLLINAIHUM
1044 149 1144 177 LIBER
1164 149 1302 178 PRlMUS.

138 206 169 239 ἐξ
181 207 295 242 οὐρανοῦ
307 207 433 242 λέγοντες
447 207 477 234 τὸ
488 207 535 234 τοῦ
549 207 653 243 Κυρίου
675 208 765 242 σῶμα.
790 208 886 233 Καίτοι
909 206 919 232 ε

975 214 1076 242 corpus
1091 215 1160 234 esse.
1177 208 1258 242 Atqui
1281 205 1354 242 quod
1373 205 1457 233 Aulam
1480 213 1513 233 ex
1530 204 1600 234 ctelo
1611 206 1638 233 in
1653 210 1753 234 terram

144 252 231 288 Ἀδὰμ
254 253 282 287 ἐξ
301 253 415 289 οὐρανοῦ
445 254 490 280 ἐπὶ
517 253 566 289 τὴν
588 253 640 288 γῆν
661 253 835 287 κατενήνοχε,
856 252 923 287 Χρι-

140 298 202 331 στος
230 299 284 326 ἀπὸ
308 299 359 335 γῆς
382 300 423 332 είς
445 300 576 335 οὐρανοὺς
601 299 764 335 ἀνενήνοχει
781 299 828 325 καὶ
855 298 922 334 ὅπερ

145 344 231 380 Ἀδὰμ
256 344 311 381 (85)
337 346 530 382 ἀναμάρτητον
559 346 606 373 καὶ
639 345 853 372 ὰκαταδίκαστον
875 337 923 376 χείς

139 391 242 427 φθορὰν
255 391 302 418 καὶ
318 392 467 427 καταδίκην
481 391 596 418 θανάτου
610 391 783 427 κατενήνοχε,
805 390 923 426 Χριστὸς

137 437 217 463 τοῦτο
242 437 378 473 ἄφθαρτον
402 438 448 464 καὶ
470 437 597 473 λυτήριον
626 436 740 464 θανάτου
768 435 920 468 ἀνέδειξεν·

137 481 207 508 ὥστε
225 481 297 517 ἔχειν
319 482 442 515 ἐξουσίαν
465 483 511 509 ἐπὶ
524 483 573 518 τῆς
585 483 636 518 γῆς
649 482 756 517 ἀφιέναι
773 481 924 517 ἁμαρτίας,

137 529 169 554 ὲκ
194 528 221 554 δὲ
243 527 328 562 τάφου
353 528 402 564 τὴν
422 527 577 564 ἀφθαρσίαν
599 527 811 559 ἐπιδείκνυσθαι,
830 527 877 553 καὶ
893 527 921 553 ὲν

136 573 262 600 ἐπιϐάσει
287 574 349 610 ᾷδου
376 574 450 601 λύειν
477 574 601 605 θάνατον,
629 574 677 601 καὶ
695 572 921 608 εὐαγγελίσασθαι

137 619 204 645 πᾶσι
219 618 268 654 τὴν
285 618 440 646 ἀνάστασιν.
460 619 520 645 Ὀτι
537 619 643 646 ἔκτισεν
658 618 672 644 ὁ
683 618 749 650 Θεὸς
761 618 806 645 τὸν
817 617 921 654 ἄνθρω-

137 672 186 689 πον
199 663 246 690 ἐπὶ
263 663 402 700 ἀφθαρσίᾳ
425 663 493 698 (84),
515 664 562 690 καὶ
585 664 678 690 εἰκόνα
692 663 742 699 τῆς
758 664 826 695 ιδίας
839 663 921 690 ἀϊδιό-

135 717 217 745 τητος
229 710 356 745 ἐποίησεν
371 710 462 737 αὐτόν.
484 710 585 742 Φθόνῳ
608 709 642 736 δὲ
664 708 805 736 διαϐόλου
828 709 920 737 θάνα-

135 764 187 788 τος
212 755 357 790 εἰσῆλθεν
377 757 419 789 εις
444 756 498 783 τὸν
519 756 654 790 κόσμων
670 755 879 791 βασιλευόμενον
892 755 922 783 δὲ

135 802 188 829 ὑπὸ
202 802 249 829 τοῦ
263 803 378 830 θανάτου
395 804 435 834 είς
446 802 595 839 διαφθορὰν
617 803 666 838 οὐχ
679 802 817 839 ὑπερεῖδεν
838 803 920 835 αὐτὸς

135 847 281 883 γενόμενος
293 847 446 887 ᾷνθρωπος,
458 848 487 874 οὐ
503 848 617 883 τραπεὶς
628 849 667 880 είς
686 848 830 884 ἀνθρώπου
854 856 919 884 μορ-

134 895 198 931 φὴν,
225 895 286 922 οὐδὲ
312 894 431 932 παριδὼν
458 895 508 932 τὴν
539 894 586 922 τοῦ
613 895 755 931 ἀνθρώπου
787 894 919 931 ὓπαρξιν,

134 940 234 976 σκιώδη
259 940 309 976 τὴν
333 940 414 974 δεῖξιν
439 941 557 968 ἐποιεῖτο
574 949 581 956 ·
607 940 665 967 ἀλλ’
681 941 695 967 ὀ
707 939 745 967 ὢν
759 933 837 975 φῦσει
854 940 920 973 Θεὸς

132 987 259 1020 γεννᾶται
279 986 432 1023 ἄνθρωπος,
460 987 493 1014 ῐν*
514 984 553 1019 εἷς
614 986 649 1014 τὰ
674 987 802 1021 ἑκάτερα,
818 986 920 1018 τέλειος

133 1034 204 1061 κατὰ
217 1034 315 1065 πάντα,
334 1034 450 1070 φυσικὴν
480 1034 527 1060 καὶ
545 1033 742 1070 ἀληθεστάτην¹
753 1033 802 1069 τὴν
824 1033 919 1069 γέννη-

133 1088 176 1106 σιν
185 1079 242 1114 (85)
259 1078 473 1114 ἐπιδειξάμενος.
492 1079 537 1106 Διδ
551 1079 659 1116 εἴρηται
669 1087 676 1094 ·
689 1078 745 1106 Καὶ
758 1079 918 1114 ἐχαρίσατο

131 1125 212 1158 αὐτῷ
231 1124 324 1160 ὄνομα
349 1125 383 1152 τὸ
403 1125 478 1159 ὑπὲρ
497 1124 560 1153 πᾶν
577 1125 680 1160 ὄνομα,
703 1125 856 1160 βασιλεύειν
877 1125 919 1151 οὑ-

132 1170 233 1206 ρανῶν,
251 1171 297 1198 καὶ
312 1169 434 1203 ἐξουσίαν
451 1170 524 1206 ἔχειν
541 1170 632 1206 κρίσιν
646 1172 742 1197 ποιεῖν.

167 1216 193 1243 8.
213 1216 242 1243 '0
265 1216 320 1251 γὰρ
340 1215 394 1242 τῶν
416 1216 483 1242 ὅλων
496 1216 661 1252 δημιουργὸς
672 1216 758 1250 Λόγος
769 1215 826 1252 (86)
839 1215 916 1252 ὤφθη

131 1262 189 1293 υἱὸς
204 1260 360 1296 ἀνθρώπου,
374 1261 423 1296 οὐχ
441 1261 534 1297 ἕτερός
551 1270 593 1293 τις
607 1262 762 1297 γενόμενος.
779 1261 847 1288 ἀλλὰ
861 1260 918 1288 66‘3-

131 1316 210 1342 τερος
226 1306 325 1342 Ἀδὰμ’
342 1307 384 1334 ἵνα
403 1307 449 1334 καὶ
475 1308 506 1334 ἐκ
530 1307 577 1334 τοῦ
597 1307 726 1342 ὀνόματος
740 1307 917 1344 γινώσκωμεν

131 1352 181 1387 τὴν
192 1351 331 1386 ἀλήθειαν.
346 1352 402 1379 Καὶ
419 1352 632 1388 προγενέστερον
646 1352 765 1379 δείκνυσι
788 1353 833 1379 τὸν
846 1362 918 1389 πρω-

131 1396 281 1424 τόπλαστον
296 1398 310 1424 ὁ
328 1397 497 1429 ’Δπόστολος,
512 1398 620 1434 πρῶτον
631 1398 661 1424 τὺ
673 1397 787 1433 ψυχικὸν
799 1399 916 1432 δεικνὺς,

132 1443 227 1471 ἔπειτα
240 1443 270 1470 τὺ
284 1444 478 1479 πνευματικόν.
491 1444 614 1480 Ψυχικὸν
629 1444 657 1471 δὲ
670 1444 717 1472 καὶ
732 1446 917 1481 πνευματικὸν

131 1489 228 1523 λέγων,
243 1489 292 1525 οὐχ
305 1489 399 1526 ἕτερον
414 1490 462 1517 καὶ
478 1490 571 1526 ἓτερον
591 1490 710 1517 δείκνυσι
735 1490 825 1527 σῶμα,
849 1491 916 1519 ἀλλὰ

972 252 1076 285 detulit,
1094 253 1159 280 illud
1178 252 1303 280 Christus
1317 260 1332 280 e
1348 257 1419 279 terra
1443 252 1469 279 in
1486 251 1584 280 cmlum
1601 253 1710 280 evexit:
1727 258 1756 280 et

973 299 1044 333 quod
1059 298 1156 330 Adam,
1173 306 1235 326 cum
1257 298 1332 333 prius
1349 299 1452 332 peccati
1471 305 1567 332 expers
1582 302 1609 325 et
1625 298 1691 325 nulli
1703 298 1754 326 da—

972 341 1104 369 mnalioni
1119 342 1252 369 obnoxius
1261 345 1342 373 esset,
1352 342 1378 368 in
1393 342 1593 376 corruptionem
1605 347 1632 370 et
1639 342 1754 370 damno-

972 386 1075 414 tionem
1088 387 1185 414 mortis
1199 387 1308 422 dejecit,
1320 387 1435 422 idipsum
1450 387 1576 415 Christus
1592 387 1754 422 incorrupti-

972 431 1027 459 biie
1045 439 1115 465 esse,
1130 433 1185 459 imo
1198 440 1212 460 a
1228 437 1317 460 morte
1332 432 1448 460 liberare
1464 433 1597 463 ostendit;
1614 433 1650 461 ita
1670 439 1698 460 ut
1709 441 1754 469 po-

971 481 1097 505 testatem
1123 478 1221 506 habeat
1247 478 1273 505 in
1297 482 1368 505 terra
1394 483 1505 513 peccata
1531 479 1703 512 dimittendi;
1719 487 1752 507 ex

971 523 1107 557 sepulcro,
1121 523 1352 558 incorruptionem
1370 523 1529 557 exhibendi;
1550 524 1577 551 in
1593 531 1706 552 ascensu
1719 532 1753 551 ex

971 565 1089 598 inferno,
1103 572 1217 595 mortem
1233 567 1365 600 solvendi,
1378 571 1406 594 et
1420 568 1649 596 resurrectionem
1662 568 1754 596 omni-

971 613 1023 640 bus
1049 614 1239 641 annuntiandi.
1262 613 1332 648 Quia
1349 614 1420 642 Deus
1437 614 1574 642 hominem
1600 615 1702 643 creavit
1724 616 1752 642 in

971 658 1202 693 incorruptionem
1229 664 1256 687 et
1271 661 1416 696 imaginem
1437 660 1596 688 aeternitatis
1610 668 1666 688 suae
1677 660 1752 688 illum

970 703 1045 732 fecit.
1061 704 1166 732 Invidia
1182 710 1269 732 autem
1292 705 1392 733 diaboli
1410 713 1480 733 mora
1503 706 1611 733 intravit
1629 706 1657 733 in
1677 714 1754 734 mun-

971 750 1035 777 dum
1047 750 1081 783 ",
1096 758 1176 785 quem
1191 751 1289 778 mortis
1305 751 1419 786 imperio
1440 757 1599 786 oppressum
1618 751 1646 778 in
1658 757 1753 778 corru-

969 793 1101 827 ptionem,
1116 800 1170 820 non
1185 794 1303 829 neglexit
1314 795 1370 829 ipse
1378 793 1466 822 factus
1477 794 1558 822 homo
1571 802 1645 822 anon
1656 802 1754 822 versus

970 837 998 864 in
1010 838 1130 866 hominis
1145 838 1261 867 formam
1273 849 1279 867 :
1292 847 1380 875 neque
1391 839 1546 874 despiciens
1559 839 1678 867 hominis
1686 839 1754 867 suh-

970 884 1109 917 stantiam,
1121 885 1200 919 quasi
1215 893 1262 920 per
1270 886 1394 913 umbram
1404 889 1432 913 et
1445 884 1563 920 speciem
1578 890 1683 913 tantum
1694 891 1754 913 sese

970 929 1106 957 ostendit:
1124 930 1171 958 sed
1185 930 1233 965 qui
1250 935 1349 958 natura
1360 930 1432 959 Deus
1444 935 1496 964 est,
1514 930 1598 958 homo
1621 931 1753 964 nascitur,

969 979 1000 1003 ut
1018 975 1076 1003 haec
1086 976 1167 1004 ambo
1189 977 1244 1004 sint
1257 984 1339 1011 unus,
1353 977 1381 1004 in
1401 977 1529 1005 omnibus
1541 976 1688 1013 perfectus,
1706 978 1752 1012 qui

969 1021 1122 1048 naturalem
1138 1026 1166 1048 et
1179 1022 1350 1049 verissimam
1367 1022 1535 1050 nativitatem
1554 1023 1673 1050 exhibet.
1691 1023 1754 1051 Ideo

968 1065 1072 1094 dictum
1086 1071 1129 1095 est
1141 1076 1148 1094 :
1163 1066 1198 1094 Et
1211 1067 1282 1094 dedit
1296 1067 1338 1094 illi
1352 1075 1445 1095 nomen
1458 1067 1532 1103 quod.
1538 1072 1576 1095 est
1589 1075 1668 1103 super
1678 1076 1754 1095 omo

968 1119 1061 1139 nomen
1073 1112 1107 1146 “,
1128 1117 1158 1140 ut
1170 1117 1296 1148 regnaret
1309 1113 1337 1140 in
1353 1113 1441 1146 caelis,
1455 1117 1483 1141 et
1494 1117 1655 1149 potestatem
1668 1113 1754 1142 habeo

967 1162 1011 1185 ret
1023 1157 1152 1186 reddendi
1165 1158 1276 1193 iudicii.

1002 1214 1028 1242 8.
1043 1213 1110 1242 Nam
1124 1214 1254 1249 Verbum,
1275 1215 1348 1251 quod
1372 1215 1466 1243 omnia
1488 1215 1602 1249 creavit,
1617 1215 1690 1243 ﬁlius
1703 1215 1757 1244 bo-

966 1261 1049 1289 minis
1070 1261 1204 1296 apparuit,
1216 1269 1271 1289 non
1295 1261 1418 1295 alienus,
1444 1261 1490 1289 sed
1503 1261 1641 1289 secundus
1665 1260 1752 1290 factus

966 1306 1072 1340 Adam;
1088 1311 1118 1334 ut
1131 1314 1165 1334 ex
1187 1306 1247 1341 ipso
1270 1306 1382 1334 nomine
1404 1314 1586 1342 agnoscamus
1602 1307 1750 1335 veritatem.

966 1352 1111 1388 ipsumque
1139 1352 1257 1387 priorem
1283 1359 1345 1380 esse
1377 1353 1574 1387 protoplastum
1606 1353 1760 1388 Apostolus-

967 1398 1095 1432 ostendit,
1104 1397 1150 1425 ubi
1163 1398 1281 1432 primum
1298 1398 1416 1425 animale
1428 1403 1571 1430 memorat,
1586 1398 1686 1427 debinc
1697 1399 1753 1435 spi—

966 1445 1075 1472 rituale.
1103 1443 1172 1472 Cum
1195 1449 1285 1472 autem
1317 1445 1436 1472 animale
1455 1450 1482 1472 et
1508 1445 1649 1480 spirituale
1677 1446 1752 1478 dicit.

966 1499 1022 1519 non
1045 1491 1160 1518 alterum
1177 1495 1205 1518 et
1224 1490 1340 1518 alterum
1356 1497 1456 1526 corpus
1476 1490 1605 1523 ostendit,
1619 1492 1666 1518 sed
1681 1491 1752 1519 idem

131 1535 162 1562 τὸ
176 1535 240 1562 αὐτὸ
256 1535 335 1570 σῶμα
348 1543 354 1550 ·
373 1535 405 1561 τὸ
429 1535 479 1570 μὲν
499 1535 606 1572 πρῶτον
629 1537 657 1563 ὲν
671 1535 726 1572 (87)
741 1537 849 1573 ἐξουσίᾳ
870 1537 917 1564 κα)¹

971 1537 1058 1573 ipsum
1070 1544 1189 1572 corpus:
1204 1537 1322 1572 primum
1340 1537 1450 1571 quidem
1473 1536 1500 1563 in
1519 1536 1639 1572 potentia
1654 1541 1680 1565 et
1702 1545 1753 1565 na-

132 1581 213 1616 φύσει
229 1580 329 1616 ψυχῆς,
344 1580 384 1607 διὸ
396 1581 511 1616 ψυχικόν
521 1589 527 1596 ·
543 1581 611 1608 τὸδὲ
621 1581 745 1617 δεύτερον
763 1582 792 1609 ὲν
807 1582 916 1619 ἐξουσίᾳ.

132 1626 179 1653 καὶ
195 1625 273 1660 φύσει
286 1625 455 1661 Πνεύματος,
471 1625 511 1651 διὸ
522 1626 719 1660 πνευματικόν·
729 1627 849 1661 Πνεῦμα
861 1627 917 1662 γὰρ

131 1673 149 1699 ὁ
161 1672 231 1704 Θεὸς
241 1672 350 1706 Λόγος-
366 1671 436 1698 οὕτω
452 1672 506 1708 γὰρ
522 1672 568 1699 καὶ
590 1672 621 1698 τὸ
633 1672 674 1706 ἐφ’
693 1673 757 1708 ἡμῖν
774 1673 917 1708 εἰρημένον

133 1717 190 1744 ἔστι
216 1717 339 1748 συνιδεῖν,
364 1718 393 1744 ὲν
414 1717 454 1753 τῷ
468 1717 557 1752 λέγειν
577 1725 584 1732 ·
615 1718 646 1744 '0
671 1717 706 1744 δὲ
719 1718 917 1753 πνευματικὸς

132 1764 283 1798 ἀνακρίνει
303 1763 340 1790 τὰ
360 1763 415 1799 (88)
440 1763 553 1790 πάντα·
573 1763 703 1799 ψυχικὸς
717 1763 751 1790 δὲ
766 1763 918 1799 ἄνθρωπος

133 1810 169 1837 οὐ
185 1808 302 1844 δέχεται
319 1808 355 1836 τὰ
369 1810 422 1837 τοῦ
446 1810 627 1844 Πνεύματος.
647 1810 744 1837 Καίτοι
761 1810 820 1842 ἑνὸς
843 1809 918 1841 bno:

134 1855 274 1891 ἑκατέρων
289 1855 337 1882 τοῦ
350 1854 484 1891 σώματος,
502 1856 531 1882 τὸ
548 1855 596 1891 μὲν
618 1855 665 1882 τοῦ
682 1856 838 1892 Πνεύματος
856 1855 918 1891 μέτ-

133 1909 194 1937 οχον
216 1901 333 1929 νοεῖσθαι
355 1902 539 1937 πνευματικὸν
556 1902 686 1934 δείκνυσι,
702 1902 747 1929 τὸν
758 1902 785 1929 δὲ
797 1904 830 1938 τῇ
844 1902 919 1934 ἐξου-

135 1947 179 1982 σίᾳ
193 1947 243 1982 τῆς
255 1946 342 1983 ψυχῆς
361 1948 428 1983 μόνῃ
444 1947 611 1983 ἐμμείναντα
628 1948 683 1984 (89)
695 1948 850 1975 δείκνυσθαι
868 1947 919 1983 ψυ-

133 1993 218 2029 χικόν,
229 1993 277 2020 Διὰ
286 1993 313 2019 τί
325 1993 353 2019 δὲ
363 1993 440 2025 ὅλως,
453 1995 477 2020 εῐ
489 1993 549 2020 καθ’
561 1994 632 2030 ὑμᾶς
646 1994 729 2026 ἐστιν,
745 1994 804 2030 οὐχ).
815 1993 919 2030 ἄνθρω-

135 2048 183 2070 πος
198 2039 277 2075 μόνον
299 2038 407 2074 λέγεται
424 2040 438 2066 ὁ
451 2040 568 2074 Χριστὸς
581 2040 619 2072 ὡς
635 2040 728 2072 καινός
740 2049 782 2072 τις
797 2040 826 2073 ἐξ
841 2040 920 2076 οὐρα-

134 2085 187 2111 νῶν
201 2085 385 2120 ἐπιδημήσας,
403 2085 472 2112 ἅλλὰ
485 2086 543 2117 υἱὸς
564 2085 708 2121 ἀνθρώπου
727 2086 838 2120 γέγονεν
855 2095 865 2120 ;
887 2086 919 2112 Et

136 2131 186 2165 μὲν
199 2129 245 2158 οὖν
259 2131 304 2157 ἐπὶ
317 2132 368 2167 γῆς
377 2131 489 2165 γέγονεν
507 2132 564 2164 υίὸς
577 2131 733 2168 ἀνθρώπου,
760 2132 847 2159 καίτοι
868 2131 919 2159 οὐκ

134 2178 167 2204 ὲκ
183 2178 338 2214 σπέρματος
358 2178 465 2214 ἀνδρὺς,
476 2178 532 2205 ἀλλ’
550 2179 581 2205 ὲκ
599 2178 757 2214 Πνεύματος
769 2179 825 2213 (90)
840 2178 918 2213 ἁγίου

966 1587 1026 1611 tura
1039 1582 1154 1615 animae,
1172 1586 1199 1609 et
1213 1586 1356 1617 propterea
1376 1581 1643 1610 animale:secundo
1663 1587 1761 1610 autem,

966 1629 993 1656 in
1018 1628 1139 1664 potentia
1158 1634 1184 1655 et
1205 1632 1303 1656 natura
1325 1627 1462 1663 Spiritus,
1478 1628 1581 1656 idcirco
1603 1628 1753 1663 spirituale.

967 1674 1085 1709 Spiritus
1095 1674 1164 1701 enim
1178 1679 1218 1701 est
1228 1674 1298 1702 Deus
1316 1673 1429 1701 Verbum
1441 1674 1493 1708 m;
1509 1674 1545 1702 ita
1557 1675 1629 1701 enim
1647 1678 1673 1702 et
1683 1674 1754 1709 quod

967 1720 1001 1748 de
1019 1719 1098 1748 nobis
1120 1719 1230 1753 dicitur,
1246 1720 1449 1756 intelligendum
1470 1724 1521 1752 est,
1536 1727 1597 1747 cina
1618 1719 1656 1747 ait
1679 1718 1754 1747 Scri-

967 1771 1065 1802 ptura:
1083 1765 1240 1800 Spiritualis
1261 1765 1366 1801 judicat
1390 1766 1501 1799 omnia;
1522 1765 1646 1793 animalis
1667 1770 1761 1792 autem.

967 1820 1019 1839 non
1030 1811 1138 1847 percipit
1146 1820 1176 1839 ea
1184 1820 1242 1847 qute
1250 1817 1311 1839 sunt
1324 1812 1442 1847 Spiritus
1451 1812 1484 1838 ".
1492 1811 1653 1846 Quanquam
1669 1819 1754 1839 unum

968 1857 1005 1884 sit
1023 1864 1125 1892 corpus
1147 1857 1290 1884 amborum
1314 1857 1398 1892 quod,
1413 1860 1548 1892 quatenus
1572 1857 1690 1891 Spiritus
1713 1861 1756 1884 est

968 1902 1115 1939 particeps,
1132 1903 1273 1938 spirituale
1290 1903 1403 1938 intelligi
1416 1902 1546 1935 ostendit,
1559 1907 1694 1938 quatenus
1703 1910 1755 1930 au-

969 1953 1023 1977 tem
1046 1948 1074 1976 in
1097 1949 1218 1983 potentia
1242 1948 1375 1976 duntaxat
1393 1948 1490 1976 animm
1510 1948 1657 1980 immanet,
1673 1947 1757 1984 74]ι

969 1995 1086 2022 animale
1099 1994 1164 2022 illud
1176 1994 1305 2022 declarat.
1320 1994 1375 2021 Cur
1391 1999 1493 2028 autem,
1507 1993 1531 2021 si
1547 1994 1583 2021 ita
1596 2002 1625 2021 se
1640 2001 1685 2022 res
1703 1994 1755 2021 ha-

966 2040 1024 2072 bet,
1039 2045 1069 2068 ut
1082 2048 1131 2068 vos
1145 2039 1249 2074 dicitis,
1263 2048 1318 2067 non
1336 2040 1418 2067 homo
1437 2044 1543 2068 tantum
1557 2039 1658 2067 dicitur
1674 2038 1754 2067 Chri-

969 2090 1039 2119 stus,
1051 2086 1129 2121 quasi
1145 2093 1231 2113 novus
1249 2085 1358 2120 quidam
1375 2086 1458 2113 homo
1474 2086 1519 2121 qui
1537 2085 1570 2113 de
1585 2085 1661 2113 caelis
1673 2085 1755 2112 adve-

969 2130 1060 2163 nerit;
1077 2131 1123 2158 sed
1143 2135 1170 2158 et
1182 2131 1255 2159 ﬁlius
1269 2131 1389 2159 hominis
1404 2130 1493 2158 iactus
1509 2131 1570 2158 est?
1586 2129 1614 2157 Si
1631 2130 1714 2166 igitur
1727 2131 1754 2158 in

971 2183 1043 2206 terra
1058 2178 1146 2206 factus
1160 2182 1202 2205 est
1217 2177 1289 2206 filius
1302 2178 1431 2211 hominis,
1449 2178 1512 2206 licet
1527 2185 1581 2205 non
1603 2185 1635 2205 ex
1651 2178 1755 2205 semine

134 2223 284 2259 γεννηθεὶς,
299 2223 358 2255 ἑνὸς
368 2223 445 2256 δντος
460 2223 505 2250 τοῦ
521 2224 735 2260 πρωτοπλάοτου
756 2224 918 2260 Ἀδὰμ-ὐίὸς

971 2225 1031 2258 viri,
1044 2224 1091 2252 sed
1104 2232 1137 2252 ex
1152 2223 1254 2260 Spiritu
1271 2229 1366 2252 sancto
1378 2228 1459 2252 natus
1475 2224 1519 2257 sit,
1535 2225 1694 2260 protoplasti
1708 2224 1761 2259 qui.

170 2311 192 2327 ι·
211 2310 380 2347 Sap.n,21l.
417 2311 441 2328 ιι
458 2311 574 2347 Philipp.
595 2319 626 2344 ιι,
643 2312 669 2340 9.
707 2311 740 2328 δι’
756 2311 836 2339 Joan.
855 2310 919 2343 [v.2

988 2311 1010 2328 "
1029 2311 1040 2338 l
1055 2311 1117 2339 Cor.
1134 2319 1165 2345 ll,
1183 2311 1225 2339 ll.

172 2391 229 2427 (83)
248 2390 371 2427 ltarrSeg.’
383 2389 506 2427 Gobltet
523 2389 640 2427 Felcal,
658 2391 754 2427 sicque
764 2390 834 2425 legit»
846 2389 920 2418 Nan-

135 2425 209 2455 nius.
220 2425 337 2461 'Anglic.
351 2425 447 2461 Καίτοι
463 2425 580 2461 Χριστὸς
595 2425 654 2461 ἀπὸν
666 2426 717 2461 γῆς
732 2426 772 2461 εἰς
789 2427 920 2461 οὐρανοὺς

135 2435 209 2455 ntus.
231 2434 337 2461 Anglic.
351 2434 447 2451 λαιτοι
463 2434 580 2461 Apto-:0;
595 2434 656 2466 αττοο
666 2434 717 2486 γης
732 2434 772 2457 εις
789 2434 920 2461 ουρανους

134 2462 296 2496 ἀνενήνοχεν·
316 2460 364 2496 καὶ
386 2460 459 2496 ὅπερ
474 2460 568 2495 Ἀδάμ.
586 2461 668 2492 Edltl,
710 2460 779 2487 αίτοι
801 2462 815 2487 ὁ
835 2461 923 2496 Ἀδᾲμ.

135 2497 165 2533 ξε
181 2495 297 2533 οὐρανοῆ
309 2495 359 2522 ἐπὶ,
366 2495 415 2531 τῆς
427 2495 480 2533 γῆξ
494 2496 655 2533 κατενήνοχε
669 2495 868 2533 ἀναμξρτητον.
880 2495 921 2533 ln-

136 2503 165 2530 εξ
181 2503 294 2533 ουρανου
309 2503 359 2522 επι,
366 2503 415 2531 της
427 2504 479 2530 γης
494 2503 655 2535 κατενηνοχε
669 2503 868 2557 ανᾳμςὲεητον.
881 2503 917 2522 lll-

136 2532 188 2564 ira,
202 2531 368 2567 κατενήνοχε
380 2534 443 2567 ante
458 2530 576 2567 Χριστός
591 2531 688 2567 legitur
706 2538 732 2567 ιη
770 2538 811 2567 __g_.
837 2531 917 2567 A_ngl.

136 2538 188 2564 ira,
202 2538 366 2567 χατενηνοχε
380 2538 443 2558 ante
458 2538 576 2566 λριστος
591 2538 688 2565 tegitur
706 2538 732 2557 In
750 2538 811 2565 θος.
837 2538 917 2592 angi.

136 2567 215 2594 Gobl.
229 2571 256 2594 et
266 2566 339 2597 Felc.
359 2565 385 2598 1,
397 2565 525 2600 deestque
536 2566 563 2593 in
578 2566 639 2593 aliis
659 2569 686 2593 et
704 2565 732 2592 in
745 2565 836 2594 editis.
848 2565 876 2592 ln
891 2573 929 2594 ra.

137 2603 211 2637 Seg.,
230 2601 262 2629 ἐκ
273 2609 303 2628 τε
319 2600 416 2637 τάφου.

170 2635 226 2671 (84)
247 2637 308 2672 Seg.
325 2636 404 2664 Gobl.
416 2635 488 2672 Felc.
506 2636 518 2663 Ι
534 2640 567 2672 et,
580 2635 698 2672 Anglic.,
709 2635 760 2672 tiri.
770 2635 919 2672 αφθαρσίᾳ.

136 2671 207 2700 Editi
225 2670 299 2705 vero,
317 2672 363 2698 ἐπὶ
379 2671 544 2706 ἀφθαρσίαν.
559 2670 635 2699 Ibid:
647 2671 752 2706 Anglic.
769 2670 878 2699 Goblét‘.
894 2670 926 2698 et.

135 2706 208 2735 Felc.
224 2707 250 2740 1,
265 2708 310 2734 καὶ
323 2706 417 2739 εικόνι,
434 2707 514 2734 male.

172 2741 228 2778 (85)
249 2742 295 2770 Sic
318 2741 381 2777 Seg.
404 2741 482 2778 Gabi.
497 2741 612 2778 etrFelc.
626 2743 651 2770 Ι.
665 2742 736 2770 Editi
753 2741 917 2778 veroqévs-

137 2777 190 2813 σιν,
204 2777 307 2805 emisso
321 2777 448 2813 articulo.
468 2777 552 2804 Paulo
565 2783 633 2813 post,
650 2778 676 2804 in
697 2778 787 2810 editis,
806 2777 880 2812 αὺτῷ
903 2778 917 2803 ὁ

136 2812 202 2848 Sabe;
217 2813 311 2848 δνομα.
335 2811 387 2839 Sed
405 2811 573 2848 inHSeguerf
585 2818 612 2840 et
631 2818 705 2840 textu
724 2812 817 2840 Graeco
841 2811 916 2840 deest

136 2847 157 2874 e.
168 2847 244 2882 Θεός,
259 2846 285 2876 et
301 2847 339 2876 sic
352 2848 414 2882 legit
429 2846 550 2875 Nannius

1009 2390 1066 2426 (86)
1086 2391 1115 2418 ln
1136 2390 1218 2419 editis
1240 2392 1317 2419 deest
1339 2389 1436 2425 Λόγος,
1450 2389 1497 2417 sed
1512 2389 1626 2417 habetur
1641 2390 1669 2417 in
1687 2389 1751 2426 Sex.

973 2425 1050 2453 Gobl.
1068 2425 1141 2453 Felc.
1158 2426 1185 2452 1.

996 2433 1050 2453 οοι.
1069 2433 1141 2454 ηις.
1158 2433 1185 2452 1.

1009 2461 1065 2496 (87)
1085 2460 1114 2488 ln
1138 2460 1211 2488 Felc.
1228 2460 1254 2492 l,
1271 2459 1350 2488 Gobl.
1369 2459 1432 2495 Seg.
1457 2459 1486 2485 ὲν
1511 2459 1597 2492 deest,
1611 2459 1659 2487 sed
1673 2459 1753 2492 male,

973 2500 1003 2523 ut
1016 2495 1108 2524 videre
1122 2502 1164 2524 est
1177 2495 1204 2522 in
1221 2496 1408 2529 sequentibus.

1007 2531 1064 2566 (88)
1084 2532 1114 2558 In
1130 2528 1286 2566 Seg..rdee’st
1300 2530 1345 2566 τά.
1362 2529 1424 2557 Mox
1436 2528 1516 2566 editi.)
1527 2528 1640 2566 ψυχικὸς
1659 2529 1688 2566 δὲ
1707 2529 1754 2556 ἇν-

969 2563 1087 2606 θρῴπος,
1101 2567 1148 2594 sed
1162 2563 1303 2601 ἄνθρωπος
1333 2565 1360 2592 in
1390 2566 1452 2599 Seg.
1469 2563 1547 2592 Gobl.
1566 2563 1637 2592 Felc.
1660 2564 1673 2590 1
1699 2572 1754 2592 non

971 2602 1161 2670 leﬁgigrttldrn
1176 2635 1353 2670 ἐμμείναντα
1363 2634 1543 2662 δείκνυσθαι.
1560 2633 1604 2661 Sic
1615 2641 1753 2661 manuscr.

970 2671 1100 2706 quidam;
1118 2671 1144 2697 in
1162 2669 1251 2702 editis,
1263 2669 1430 2706 ἐμμείναντα
1442 2669 1571 2706 δείκνυσι,
1593 2671 1695 2706 omisso
1705 2669 1754 2706 μό-

969 2704 1012 2742 νῃ.
1028 2706 1087 2733 Mox
1102 2706 1169 2737 ὅλως
1183 2706 1259 2733 deest
1275 2704 1308 2732 in
1318 2705 1429 2740 Séguer.
1442 2704 1527 2732 Paulo
1540 2708 1612 2739 post,
1625 2705 1690 2731 editi
1704 2705 1754 2731 ba-

971 2741 1035 2769 bent
1049 2741 1138 2776 μόνος,
1158 2741 1205 2768 sed
1222 2741 1301 2767 male.
1332 2739 1440 2768 Gobler.
1461 2739 1574 2775 Seguur.
1590 2744 1616 2766 et
1631 2739 1705 2767 Fclc.
1724 2740 1752 2771 1,

1082 2811 1252 2847 Πνεύματος,
1272 2818 1367 2838 omnes
1393 2818 1531 2838 manuscr.
1563 2809 1644 2842 Edili,
1671 2809 1754 2844 «rip.-

971 2855 1063 2881 ματος.
