1954 3041
99 132 168 160 1115

574 135 714 164 CONTRA
732 137 989 168 APOLLINARIUM
1011 140 1111 168 LIBER
1131 141 1270 170 PRIMUS.

1656 142 1686 171 Η
1691 142 1726 171 ﬂ

98 190 144 217 καὶ
161 191 258 217 πάλιν·
277 191 340 218 Ὀτι
356 191 461 227 γέγννε
474 194 602 227 μεσίτης
619 196 694 222 Θεοῦ
710 196 760 223 καὶ
776 197 874 231 ἀνθρώ

938 203 977 226 ut
993 200 1123 226 mediator
1135 199 1185 226 Dei
1207 204 1233 227 et
1248 200 1391 226 hominum.
1415 199 1547 226 Mediator
1567 206 1626 227 vero
1646 201 1725 228 unius

96 246 171 266 πων.
189 240 215 265 ’0
227 239 261 266 δὲ
268 240 394 274 μεσίτης
405 240 475 273 ἐνὸς
487 242 542 268 οὐκ
555 242 655 269 ἔστιν·
668 245 685 271 ό
698 244 733 271 δὲ
744 245 816 279 Θεὸς
829 246 883 284 (18)

94 282 140 318 εἷς
153 285 248 312 ἐστιν.

135 330 178 358 12.
193 331 238 357 Διὸ
253 330 404 358 πλανῶνται
421 332 466 359 καὶ
478 333 502 360 οἰ
517 333 652 368 λέγοντες,
666 335 707 362 ὅτι
718 336 796 368 ἄλλος
810 337 885 364 ἐστὶν

99 375 112 401 ό
129 375 222 401 παθὼν
240 375 312 407 Υἱὸς,
331 377 377 403 καὶ
391 376 470 409 ἄλλος
488 379 502 405 6
521 379 557 415 μὴ
575 380 678 406 παθών.
699 382 736 408 υὺ
757 382 811 418 γὰρ
826 383 884 410 ἓτε-

100 421 146 456 ρός
164 422 222 448 ἐστι
240 422 314 457 παρὰ
325 423 371 450 τὸν
383 425 469 459 Λόγον
490 425 556 461 (19],
571 427 584 453 ό
598 427 644 453 τὸν
660 427 777 455 θάνατον
795 430 841 457 καὶ¹
853 431 884 457 τὺ

95 467 181 498 πάθος
196 468 421 504 ἀναδεδεγμένος·
436 471 493 497 ἀλλ’
507 473 589 504 αὐτὸς
606 474 620 500 6
634 474 743 510 ἀπαθὴς
763 477 809 503 καὶ
826 477 881 513 (20)

93 513 238 549 ἀσώματος
255 515 350 549 Λόγος,
366 517 498 550 γενέσεως
509 519 609 554 σαρκὸς
625 520 799 558 ἀνθρωπίνης
818 523 882 550 ἀνα-

93 560 233 596 σχόμενος,
250 562 284 588 τὰ
299 563 388 590 πάντα
399 564 588 600 πεπλήρωκεν,
600 567 644 593 ἵνα
661 567 710 604 ἔχῃ
722 577 759 600 τι,
769 569 784 595 ὃ
803 578 882 606 προσ-

91 606 191 643 ενέγκῃ
207 607 277 642 ὑπὲρ
297 608 386 643 ήμῶν.
405 610 461 636 Καὶ
477 610 585 645 λέγεται
609 613 741 649 κρείττων
769 615 881 651 γενόμε-

92 661 137 684 νος
150 653 203 680 τῶν
217 653 340 688 ἀγγέλων
357 655 413 689 (21)
423 663 429 669 '
443 656 491 683 οὐκ
508 657 589 689 αὐτὸς
604 658 619 684 6
635 660 750 696 ποιητὴς
765 661 818 688 τῶν
832 663 882 697 ἀγ-

90 698 177 732 γέλων
190 699 276 734 Λόγος
294 700 426 736 κρείττων
443 702 564 737 γέγονεν,
582 703 619 735 ὠς
638 705 728 740 ἥττων
749 706 786 734 ὢν
803 716 880 740 ποτε,

90 743 159 771 ἀλλὰ
178 746 195 780 ἡ
221 745 311 782 μορφὴ
331 746 378 773 τοῦ
398 747 502 780 δούλου,
526 749 559 784 ἢν
575 750 656 782 αὐτὸς
675 753 689 778 ό
708 752 794 787 Λόγος
816 752 879 780 ίδιο-

91 791 223 825 ποιήσατο
253 794 353 828 φυσικῇ
386 795 529 829 γεννήσει,
559 797 691 832 κρείττων
718 799 880 827 ἀνατείλασα

91 837 124 863 ἑκ
139 837 190 872 τῆς
201 838 248 865 τοῦ
265 840 478 875 πρωτοπλάστου
490 842 632 876 γενέσεως,
645 845 693 871 καὶ
707 846 780 881 ἡμᾶς
795 855 879 882 προσ-

941 253 990 272 non
1004 251 1041 272 est
1053 254 1061 272 :
1074 246 1144 273 Deus
1156 252 1243 273 autem
1261 254 1327 272 unus
1341 250 1380 272 ett
1394 245 1428 272 “.

977 332 1021 359 12.
1036 332 1208 368 Quapropter
1233 338 1328 360 errant
1354 333 1400 368 qui
1427 333 1531 366 dicunt,
1554 333 1636 360 alium
1664 341 1723 362 esse

939 378 985 412 qui
1002 386 1100 413 passus
1118 383 1160 406 est
1178 379 1273 411 Filius,
1290 384 1317 406 et
1330 379 1413 406 aliunt
1428 379 1474 414 qui
1489 387 1588 414 passus
1602 387 1657 407 non
1671 384 1722 408 est.

938 422 997 450 Non
1023 424 1095 450 enim
1121 424 1192 451 alius
1215 429 1256 451 est
1283 431 1364 459 quam
1389 424 1478 458 ipsum
1508 423 1635 457 Verbum,
1650 426 1723 460 quod

927 469 1094 503 .passionent
1107 473 1134 495 et
1152 472 1267 496 mortem
1284 470 1446 504 susceperit.
1470 468 1522 496 Sed
1535 469 1601 497 illud
1621 471 1722 505 ipsum,

941 514 1132 549 incorporeum
1158 518 1186 542 et
1208 515 1377 549 impassibile
1405 514 1535 547 Verbum,
1555 523 1618 543 cum
1644 524 1724 551 gent.h

935 560 1071 588 rationem
1089 560 1181 588 carnis
1196 561 1290 588 subire
1305 561 1446 596 dignatum
1458 565 1541 594 esset,
1562 563 1654 589 omnia
1673 563 1724 590 im-

937 606 1029 641 plevit,
1045 611 1075 634 ut
1090 607 1202 635 haberet
1224 607 1297 642 quod
1320 614 1370 642 pro
1393 607 1472 635 nobis
1489 607 1608 635 oﬂ‘erret.
1633 607 1666 634 Et
1685 608 1724 635 di-

936 652 1018 685 citur,
1043 653 1141 680 melius
1159 653 1264 688 angelis
1280 652 1395 685 factum,
1418 661 1472 681 non
1503 654 1576 689 quod
1604 653 1721 681 Verbum

937 698 1024 727 factor
1040 700 1199 735 angelorum
1214 719 1222 732 ,
1250 699 1348 728 melius
1371 699 1473 726 factum
1501 700 1552 733 sit,
1577 701 1655 735 quasi
1673 701 1723 728 ali-

935 745 1047 779 quando
1061 745 1153 773 minus
1168 745 1222 773 illis
1236 744 1334 773 fuerit:
1363 745 1409 773 sed
1430 745 1518 773 forma
1535 746 1618 779 servi,
1638 754 1721 781 quam

935 790 1026 825 ipsum
1047 790 1163 818 Verbum
1180 792 1319 827 propriam
1340 791 1393 819 sibi
1406 791 1524 819 naturali
1546 792 1721 827 generatione

935 837 1063 869 reddidit,
1076 837 1173 865 melior
1194 846 1227 865 ex
1252 837 1412 873 protoplasti
1436 838 1610 873 generatione
1625 844 1720 866 exorta

89 883 248 915 οικειοῦται,
267 885 305 917 ὡς
321 886 438 922 εἴρηται,
464 889 630 923 συμπολίτας
653 890 707 917 τῶν
728 892 813 925 ἁγίων
833 893 874 920 κα.)

934 888 987 916 est,
1000 891 1106 918 ttosque
1123 884 1161 910 illi
1177 883 1270 912 aﬂines
1285 884 1412 916 reddidit,
1424 888 1455 911 ut
1467 883 1570 911 dictum
1582 888 1633 917 est,
1647 884 1721 912 cives

87 929 206 961 οἰκείους
218 930 286 957 Θεοῦ
302 933 463 967 γενομένους
474 934 530 969 (‘22)
541 943 548 950 ο
566 936 613 962 καὶ
634 937 704 963 κατὰ
721 938 802 972 φύσιν
812 939 880 965 Θεοῦ

87 974 214 1009 γέγονεν,
234 976 286 1002 ἰδία
312 978 360 1013 οὐχ
380 979 522 1014 ὁμοούςιος
542 978 609 1008 οὖσα
634 982 651 1017 ἡ
675 982 744 1018 σὰρξ
762 984 812 1019 τῆς
833 985 880 1011 τοῦ

87 1020 175 1055 Λόγου
192 1022 336 1058 θεότητος,
356 1024 394 1057 ὡς
410 1026 544 1059 quaedam;
555 1036 562 1042 ·
584 1027 652 1055 ἀλλὰ
669 1029 722 1056 ἰδία
744 1031 814 1057 κατὰ
829 1031 880 1066 φό-

89 1076 132 1094 σιν
148 1069 293 1106 γενομένη,
315 1072 360 1098 καὶ
374 1072 525 1110 ἀδιαίρετος
539 1074 610 1101 κατὰ
623 1075 729 1108 ⁹ἑνωσιν,
746 1077 777 1104 ἐκ
795 1078 879 1114 σπέρ-

89 1122 174 1159 ματος
190 1115 282 1147 Δαὸὶὸ,
299 1118 344 1144 καὶ
358 1118 405 1145 τοῦ
426 1119 561 1156 Ἀϐραὰμ,
578 1122 625 1148 καὶ
641 1121 687 1148 τοῦ
709 1123 793 1159 Ἀδὰμ
811 1123 878 1159 (23),

86 1158 118 1192 ἐξ
133 1155 162 1186 οὗ
184 1161 231 1186 καὶ
252 1162 332 1197 ἡμεῖς
349 1155 547 1200 γεγεννήμεθα.
572 1166 603 1193 Ei
626 1166 655 1193 δὲ
674 1155 819 1203 όμοοὺσιος
832 1155 878 1195 τοῦ

86 1205 174 1240 Λόγου
188 1207 204 1242 ἡ
221 1207 288 1243 σὰρξ
304 1209 350 1235 καὶ.
367 1211 510 1244 συναῖδιος.
525 1213 557 1238 ὲκ
569 1212 664 1240 τούτου
680 1214 767 1249 ἐρεῖτε
783 1215 829 1242 καὶ
845 1215 878 1242 τὰ

86 1251 177 1279 πάντα
189 1254 326 1289 κτίσματα
338 1256 459 1283 συνατιεια
470 1257 508 1293 τῷ
521 1258 554 1285 τὰ
568 1258 656 1286 πάντα
669 1260 793 1287 κτίσαντι
807 1261 876 1296 Θεῷ.

85 1298 142 1325 Καὶ
155 1298 214 1330 πῶς
228 1299 266 1326 ἔτι
284 1301 452 1336 Χριστιανοὶ,
464 1304 489 1329 οι
504 1304 642 1337 τοιαύταις
659 1306 876 1343 συμπλεκόμενοι

89 1343 298 1379 πραγγαλιαῖς;
324 1346 360 1372 Τὸ
386 1347 440 1383 γὰρ
466 1348 608 1383 ὀμοούσιον
631 1351 677 1377 καὶ
698 1351 802 1384 ἀπαθὲς
830 1353 877 1380 καὶ

89 1389 262 1418 ἀνεπίδεκτον
280 1391 405 1425 θανάτου,
423 1393 491 1429 πρὸς
506 1394 561 1430 (24)
579 1395 609 1422 τι
623 1396 765 1432 όμοούσιον
780 1398 876 1425 ἕνωσιν

87 1436 147 1463 καθ’
164 1437 313 1465 ὑπόστασιν
329 1439 379 1466 οὐκ
399 1439 589 1476 ἐπιδεχόμενόν
607 1443 680 1469 ἐστιν
691 1463 698 1474 ,
717 1443 784 1470 ἀλλὰ
806 1445 877 1471 κατὰ

87 1483 181 1518 φύσιν
198 1484 258 1511 καθ’
283 1485 431 1513 ὑπόστασιν
447 1486 475 1513 δὲ
496 1487 546 1522 τὴν
568 1487 634 1515 ίδίαν
655 1489 810 1526 τελειότητα
831 1492 877 1518 ὲκ-

86 1528 258 1564 δεικνύμενον
278 1529 345 1566 (25).
363 1531 443 1557 Ὥστε
460 1532 494 1567 τῇ
513 1531 678 1570 νομιζομένῃ
698 1533 774 1569 ὑμῶν
791 1535 876 1571 εὐφή-

87 1584 129 1610 μῳ
148 1576 301 1612 ὲφευρέσει,
315 1576 332 1612 ἢ
347 1577 397 1612 τὴν
414 1578 446 1604 ἐκ
458 1578 506 1613 τῆς
518 1578 657 1614 Παρθένου
675 1579 725 1614 τῆς
741 1579 874 1607 Θεοτόκου

86 1622 174 1657 σάρκα
187 1622 324 1658 ἀρνεῖσθε,
341 1622 358 1658 ἢ
374 1623 424 1659 τὴν
441 1623 556 1659 θεότητα
574 1623 769 1660 βλασφημεῖτε.
792 1627 823 1652 Εἰ
846 1627 874 1653 δὲ

83 1667 154 1695 οὕτω
171 1669 218 1695 καὶ
235 1669 281 1696 τὸν
300 1669 364 1696 Υἰὸν
386 1670 541 1705 ὁμολογεῖτε
560 1671 701 1706 ὁμοούσιον
725 1672 764 1708 τῷ
787 1673 874 1709 Πατρὶ

83 1715 130 1742 καὶ
145 1715 176 1742 τὸ
191 1715 304 1752 Πνεῦμα
319 1716 350 1742 τὸ
367 1715 455 1750 ἅγιον,
475 1717 512 1748 ὡς
531 1717 582 1753 τὴν
604 1718 693 1753 σάρκα
709 1718 759 1754 τὴν
774 1718 874 1746 παθοῦ-

84 1769 133 1789 σαν
157 1761 228 1797 (26)·
251 1763 298 1790 καὶ
314 1763 340 1789 τε
363 1762 403 1790 ἔτι
426 1763 501 1799 ἡμᾶς
527 1764 681 1800 μέμφεσθε,
704 1765 742 1798 ὠς
758 1766 874 1802 τετράδα

82 1807 142 1834 ἀντὶ
159 1807 272 1843 Τριὰδος
287 1807 430 1842 λέγοντας,
448 1808 525 1835 αὐτοὶ
544 1809 660 1845 τετράδα
679 1811 739 1837 ἀντὶ
760 1811 873 1847 Τριάδος

82 1854 128 1880 καὶ
142 1853 253 1886 ἄκοντες
274 1854 467 1890 ὁμολογοῦντες
477 1874 484 1886 ,
499 1855 624 1890 λέγοντες
638 1857 782 1892 όμοουσίαν
803 1855 873 1884 εἶναι

80 1900 113 1936 τῇ
130 1900 226 1936 Τριάδι
239 1899 288 1936 τὴν
303 1901 409 1936 σάρκα;
426 1901 522 1928 Τοίνυν
541 1902 643 1937 ματαία
656 1903 673 1938 ἡ
690 1903 781 1934 πίστις
797 1903 872 1938 ὑμῶν

81 1947 168 1974 ἐστιν’
198 1946 244 1974 ἴσα
271 1947 325 1983 γὰρ
352 1949 476 1983 φρονεῖτε
499 1948 554 1976 τῶν
579 1949 686 1976 ἀσεδῶν
715 1950 871 1986 ’Λρειανῶν,

80 1992 174 2024 κακῶς
200 1993 419 2028 ἐκλαμϐάνοντες
444 1993 492 2026 τὸ,
524 1994 551 2021 '0
583 1996 678 2030 Λόγος
704 1995 782 2030 σὰρξ
808 1996 872 2030 ἐγέ-

79 2046 148 2064 νετο
162 2037 231 2072 (27).
249 2038 278 2065 Ὁ
287 2038 372 2072 Λόγος
385 2038 414 2065 δὲ
427 2038 496 2074 σὰρξ
510 2039 627 2074 ἐγένετο,
643 2040 691 2075 οὐχ
701 2040 743 2066 ἵνα
756 2042 771 2067 6
786 2041 872 2075 Λόγος

81 2081 209 2119 μηκέτιῇ
224 2084 325 2118 Λόγος·
342 2084 399 2111 ἀλλ’
413 2085 458 2112 ἴνα.
477 2085 506 2112 ὲν
522 2086 603 2122 σαρκὶ
658 2087 672 2112 6
691 2087 786 2121 Λόγος,
803 2087 871 2124 σὰρξ

79 2129 198 2163 ἐγένετο,
216 2130 259 2156 ἵνα
282 2130 328 2156 καὶ
354 2131 368 2157 ό
383 2130 468 2165 Λόγος
490 2132 533 2158 ἀεὶ
585 2132 687 2166 Λόγος,
710 2134 757 2160 καὶ
782 2134 870 2169 σάρκα

78 2175 130 2212 ἔχῃ
150 2177 165 2202 ὁ
181 2176 276 2210 Λόγος,
293 2178 321 2203 ὲν
337 2174 397 2213 ᾖτὸ
417 2177 503 2209 πάθος
519 2179 565 2205 καὶ
583 2179 629 2205 τὸν
650 2179 763 2206 θάνατον
778 2180 869 2207 ἀνεδέ-

935 934 1105 961 sanctorum,
1119 934 1147 957 et
1162 929 1313 958 familiares
1330 929 1386 958 Deo
1400 930 1510 959 eiTectos
1522 940 1528 958 :
1541 939 1605 959 caro
1622 939 1721 959 secuit»

932 974 997 1002 dum
1027 980 1152 1002 naturam
1179 976 1288 1010 propria
1314 975 1370 1004 Deo
1384 976 1454 1004 facta
1477 982 1539 1011 est,
1565 985 1614 1005 nec
1629 982 1719 1005 tamen

932 1021 1174 1049 consubstantialis
1201 1027 1243 1049 est
1268 1021 1350 1050 Verbi
1372 1023 1486 1057 deitati,
1511 1025 1589 1059 quasi
1610 1024 1648 1051 illi
1675 1032 1720 1052 co-

932 1072 1032 1094 aeterna
1055 1072 1137 1095 esset.
1155 1067 1209 1095 Sed
1235 1069 1344 1103 propria
1370 1069 1409 1097 illi
1427 1070 1576 1098 secundum
1592 1076 1718 1097 naturam

931 1113 1014 1144 facta,
1031 1118 1058 1140 ct
1079 1113 1253 1141 indivisibilis
1266 1119 1377 1150 propter
1399 1116 1528 1144 unionem
1542 1123 1550 1143 :
1565 1124 1598 1143 ex
1615 1117 1719 1144 semine

932 1157 1027 1192 David,
1056 1159 1172 1187 Abrahae
1183 1180 1191 1193 ,
1217 1164 1245 1188 et
1264 1160 1339 1193 Adae,
1358 1169 1390 1189 ex
1405 1169 1460 1196 quo
1475 1166 1501 1189 et
1518 1170 1569 1190 nos
1584 1163 1717 1198 progeniti

931 1212 1038 1232 sumus.
1055 1205 1132 1238 Quod
1158 1208 1181 1234 si
1205 1206 1296 1235 Verbo
1313 1208 1558 1236 consubstantialis
1574 1214 1617 1237 est
1641 1217 1715 1242 caro,

929 1255 955 1277 et
979 1255 1131 1286 coactat-tta;
1156 1253 1213 1287 jam
1239 1254 1304 1282 ltinc
1326 1254 1423 1282 dicetis
1453 1262 1549 1283 omnes
1576 1259 1716 1284 creaturas

930 1297 1052 1324 omnium
1079 1300 1198 1326 creatori
1224 1299 1280 1327 Deo
1307 1304 1457 1328 coaeternas
1485 1308 1555 1328 esse.
1582 1301 1616 1328 At
1642 1302 1688 1337 qui
1705 1321 1714 1335 ,

929 1351 1032 1378 quaeso,
1057 1344 1146 1372 adhuc
1158 1345 1306 1373 Christiani
1319 1346 1405 1379 eritis,
1425 1347 1472 1382 qui
1496 1347 1595 1375 talibus
1610 1355 1658 1375 vos
1675 1347 1717 1374 la-

929 1389 1007 1424 queis
1024 1389 1190 1424 implicatis?
1215 1391 1283 1418 Nam
1301 1392 1374 1427 quod
1391 1393 1635 1426 consubstantiale,
1661 1393 1715 1420 im-

929 1435 1068 1470 passibile,
1099 1440 1126 1463 et
1156 1438 1253 1465 mortis
1279 1438 1394 1473 incapax
1422 1443 1473 1472 est,
1498 1439 1626 1466 unionem
1651 1447 1715 1467 cum

928 1482 1157 1510 consubstantiali
1170 1492 1224 1511 non
1240 1485 1359 1512 admittit
1372 1485 1522 1513 secundum
1539 1485 1710 1521 hypostasin,

928 1526 974 1554 sed
993 1527 1146 1555 secundant
1157 1533 1303 1557 naturam:
1321 1537 1404 1564 porro
1420 1530 1568 1557 secundum
1585 1531 1713 1565 ltyposta-

928 1572 981 1605 sin,
1004 1574 1145 1608 propriam
1171 1574 1366 1609 perfectionem
1397 1576 1517 1604 exhibet.
1548 1575 1640 1611 Itaque
1667 1584 1714 1612 per

926 1619 1097 1654 religiosum,
1127 1625 1157 1648 ut
1189 1621 1341 1655 aestimatis,
1370 1628 1491 1650 vestrum
1517 1628 1713 1655 commentum,

926 1669 974 1692 aut
989 1673 1098 1693 carnem
1114 1674 1148 1694 ex
1171 1666 1280 1702 Virgine
1304 1672 1332 1695 et
1354 1667 1468 1704 Dcipara
1483 1673 1650 1704 sssumptant
1667 1678 1715 1696 Ite-

925 1711 1003 1745 gatis,
1026 1716 1074 1738 aut
1097 1712 1125 1739 in
1149 1712 1278 1740 deitatem
1302 1713 1507 1750 blasphematis.
1525 1714 1553 1742 Si
1572 1721 1663 1743 autem
1679 1724 1712 1743 eo

925 1759 1009 1785 modo
1022 1758 1133 1792 Filium,
1148 1766 1254 1787 necnon
1275 1759 1406 1795 Spiritum
1421 1766 1545 1788 sanetum
1560 1761 1632 1789 Patri
1647 1770 1713 1789 con-

926 1803 1134 1831 substantialem
1146 1803 1343 1837 conﬁteamini,
1360 1812 1416 1840 quo
1427 1813 1536 1832 carnem
1554 1813 1614 1840 quaa
1628 1813 1712 1840 passa

925 1854 968 1877 est
982 1858 988 1876 :
1006 1849 1105 1885 ecquid
1119 1857 1185 1885 ergo
1199 1858 1249 1878 nos
1266 1851 1357 1878 adhuc
1370 1852 1516 1884 accusatis,
1538 1856 1567 1878 ut
1582 1852 1628 1886 qui
1644 1858 1712 1886 qua~

926 1896 1081 1923 ternitatem
1099 1903 1149 1931 pro
1162 1896 1295 1924 Trinitate
1311 1896 1446 1930 dicamus,
1461 1905 1524 1924 cum
1538 1897 1590 1932 ipsi
1604 1902 1712 1932 quater-

925 1941 1038 1969 nitatem
1055 1950 1105 1977 pro
1120 1941 1256 1970 Trinitate
1273 1943 1315 1970 vel
1336 1943 1412 1970 inviti
1432 1943 1629 1975 conﬁteamini,
1645 1943 1709 1970 dunt

924 1988 1029 2020 dicitis,
1057 1989 1318 2017 consubstantialem
1332 1989 1459 2017 Trinitati
1485 1997 1595 2017 carnem
1622 1989 1712 2017 esse?

923 2033 1017 2069 Itaque
1039 2042 1110 2062 vana
1136 2039 1178 2062 est
1202 2035 1268 2062 lides
1282 2039 1374 2062 vestra
1390 2043 1397 2062 :
1422 2035 1498 2070 paria
1515 2035 1586 2062 enitn
1604 2035 1711 2063 sentitis

923 2087 986 2107 cum
1010 2081 1101 2116 impiis
1121 2080 1241 2113 Arianis,
1258 2081 1330 2108 male
1343 2081 1509 2116 accipientes
1527 2081 1593 2108 illud
1610 2091 1616 2108 :
1645 2080 1710 2108 Ver-

924 2125 985 2152 bum
1002 2134 1065 2152 caro
1079 2126 1178 2160 factum
1202 2131 1253 2154 est.
1276 2126 1362 2154 Porro
1386 2125 1504 2154 Verbum
1525 2134 1589 2154 caro
1608 2126 1708 2153 factum

923 2177 975 2204 est,
992 2180 1046 2200 non
1063 2177 1094 2199 ut
1110 2171 1227 2200 Verbunt
1250 2181 1303 2200 non
1333 2173 1451 2208 amplius
1479 2172 1598 2200 Verbttm
1614 2178 1685 2201 esset
1700 2182 1708 2206 ;

78 2221 144 2255 ξατο
158 2223 186 2248 ὲν
203 2224 292 2258 μορφῇ
310 2224 343 2258 τῇ
360 2223 527 2261 ἀνθρωπίνῃ,
543 2224 623 2260 μέχρι
645 2226 729 2260 τάτου
746 2227 792 2253 καὶ
806 2226 868 2262 ᾅδου

930 2217 970 2244 ted
985 2216 1116 2249 Verbum,
1135 2223 1165 2244 ut
1181 2218 1208 2244 itt
1232 2225 1315 2245 carne
1336 2222 1424 2251 esset,
1447 2226 1512 2246 caro
1530 2217 1630 2246 factum
1655 2223 1708 2250 est,

77 2268 187 2301 ἐπιϐὰς,
206 2270 234 2296 ὲν
286 2270 333 2296 καὶ
351 2269 400 2305 τὴν
417 2270 564 2297 ἀνάστασιν
577 2271 626 2307 τὴν
647 2273 679 2299 ἐκ
699 2272 802 2309 νεκρῶν
817 2282 865 2299 πε-

76 2315 198 2350 ποίηται,
217 2315 315 2351 σαρκὸς
329 2316 376 2342 καὶ
395 2315 511 2352 αἵματος
529 2316 576 2343 καὶ
594 2317 682 2353 ψυχῆς
697 2318 745 2354 τὴν
767 2319 867 2345 ἐπίδει-

117 2371 139 2386 ⁸⁰
160 2369 248 2398 Galat.
269 2378 310 2402 ιιι,
327 2370 372 2397 20.

113 2440 169 2503 ῳ)
183 2441 228 2468 Sic
246 2439 341 2476 δελέατι
351 2440 552 2483 (ἔγρεο-’Βοιῑρῑπ
567 2445 666 2468 textus.
677 2441 755 2483 .Editi.
766 2450 839 2482 uero.
851 2443 865 2470 6

74 2475 194 2539 3:85:65;
309 2481 370 2511 post
380 2475 485 2509 παθων,
500 2476 596 2511 legitur
608 2477 664 2508 υἱός
677 2485 702 2503 ιιι
715 2479 804 2511 editis,
818 2480 864 2506 sed

111 2516 153 2538 est
168 2516 194 2538 in
211 2516 273 2539 Sel.

94 2519 153 2539 eest
168 2520 194 2538 tn
211 2519 273 2546 bes.

94 2581 97 2584 ι
112 2547 176 2584 (ιθ),
191 2547 236 2574 Sic
247 2547 311 2584 ξος,
327 2546 408 2584 ᾳυω.
427 2550 454 2573 et
471 2545 544 2574 Felc.
562 2546 587 2574 l.
610 2546 681 2574 Edili
699 2555 774 2580 vero,
790 2549 864 2584 παρὰ

73 2581 121 2608 τὸν
136 2582 199 2609 Υἱδν
213 2582 260 2609 τοῦ
274 2582 351 2609 θεοῦ.

111 2617 167 2652 (20)
188 2618 242 2644 Καί
256 2618 332 2653 deest
348 2618 374 2644 in
385 2617 459 2652 Seg.;
469 2620 496 2643 et
511 2617 539 2653 in
552 2616 647 2644 eodem
663 2617 744 2653 infra,
758 2617 863 2653 ἀνθρω-

72 2651 162 2694 πίγξιςζ
172 2652 334 2694 εὶθθει-ηΜρξί
351 2651 433 2694 ieci";
447 2652 503 2694 ἐκεῖ.
513 2651 539 2678 τί
559 2652 738 2694 προσενέγκῃ
751 2688 767 2694 .,

110 2689 165 2723 (21)
176 2688 237 2723 Seg.
259 2688 337 2715 Gobl.
360 2687 479 2715 Felckm.
493 2687 519 2719 1,
532 2687 676 2723 γενόμενος
690 2687 821 2723 ἀγγέλων,
831 2689 862 2715 οὐ

72 2723 183 2755 πάντως
198 2724 212 2750 6
227 2724 352 2758 ποιητής.

108 2759 165 2798 (2‘2)
187 2757 293 2798 Segset
305 2757 399 2798 -(_}obl._
419 2758 458 2798 ὡς
474 2758 581 2798 εἴρηται
600 2757 674 2798 πρὸς
683 2758 748 2798 ητῶν
764 2759 860 2798 ῥιγξωνἐ

72 2795 120 2821 καὶ
135 2795 230 2821 οίκεῖοι
245 2793 339 2829 (ὓοὺιν
358 2794 405 2820 καὶ
426 2793 552 2828 οἰκείους)
567 2793 614 2820 τοῦ
629 2793 708 2827 Θεοῦ,
728 2795 774 2821 καὶ
794 2795 860 2822 Θεοῦ

73 2829 142 2857 κατὰ
156 2829 236 2863 φύσιν
248 2829 357 2864 γέγονεν
374 2829 435 2864 ἰδία.

108 2865 164 2897 (‘25)
186 2864 258 2896 lltcc,
276 2863 322 2890 καὶ
345 2863 390 2890 τοῦ
413 2864 507 2898 ’Λδάμ,
523 2864 621 2892 desunt
645 2865 670 2891 in
695 2865 755 2896 Sea.
779 2864 857 2893 Gobl.

923 2267 954 2290 ut
970 2268 997 2290 et
1014 2263 1132 2291 Verbum
1150 2271 1258 2299 semper
1274 2263 1394 2291 Verbum
1420 2270 1493 2292 esset
1509 2285 1517 2298 ,
1541 2270 1568 2293 et
1590 2265 1708 2292 Verbum

921 2316 1034 2336 carnem
1060 2308 1189 2342 haberet;
1204 2310 1231 2336 in
1248 2317 1302 2344 qua
1316 2310 1472 2344 passionem
1486 2315 1513 2338 et
1529 2315 1644 2338 mortent
1658 2311 1708 2338 sub

917 2449 944 2471 et
956 2443 1076 2471 Felckm.
1097 2443 1122 2471 l.
1139 2442 1224 2470 Paulo
1235 2447 1306 2477 post,
1322 2443 1347 2470 in
1367 2443 1474 2475 iisdem,
1490 2442 1536 2470 τοῦ
1551 2443 1638 2478 Λόγου
1659 2443 1706 2472 de-

916 2483 966 2506 est.
983 2479 1044 2506 Mox
1061 2479 1151 2511 iidem,
1165 2480 1197 2505 ὲκ
1212 2478 1306 2505 τούτου
1320 2479 1417 2514 ἐρεῖτε.

954 2514 1009 2549 (2t)
1032 2514 1190 2550 Segueriau.
1204 2513 1359 2542 Gobleriatt.
1376 2519 1402 2541 et
1415 2513 1533 2541 Felckm.
1547 2514 1558 2541 l
1577 2514 1706 2542 omittunt

916 2550 994 2580 πρός.

1031 2584 1222 2619 Seguerianus,
1239 2583 1440 2619 ἐπιδεχόμενον.

950 2620 1005 2654 (26)
1027 2620 1088 2654 Seg.
1105 2619 1183 2646 Gobl.
1202 2625 1227 2646 et
1241 2619 1360 2655 Felckm.
1376 2619 1401 2651 Ι,
1418 2619 1466 2654 τὴν
1483 2619 1571 2655 σάρκα
1585 2619 1634 2655 τὴν
1649 2628 1702 2646 πα-

913 2654 1024 2716 1(ἐοῦσα-ν,
1041 2655 1141 2689 ματαία
1155 2656 1171 2690 ἡ
1188 2655 1277 2686 πίστις
1295 2654 1382 2689 ὑμῶν,
1393 2655 1486 2682 multis
1502 2654 1622 2687 omissis,
1636 2659 1665 2682 ut
1675 2660 1702 2683 et

938 2698 1047 2716 aIIn|US.

938 2698 1047 2717 aIIHIUS.

950 2725 1007 2760 (‘27)
1029 2726 1091 2757 Seg.
1109 2724 1187 2752 Gobl.
1206 2730 1232 2752 et
1248 2724 1366 2760 Fcltrkm‘.
1388 2725 1452 2756 l,'0
1463 2725 1547 2758 Λόγος
1565 2724 1632 2760 σὰρξ
1644 2725 1701 2759 ὲγέ-

913 2769 983 2801 m":
998 2758 1104 2801 601M
1120 2761 1136 2801 ἡ
1153 2759 1334 2801 σάρξιιῑικέτι
1351 2758 1367 2801 ᾗ
1386 2758 1700 2801 Αβγρς,(βειι’¹ει’ἓιιιιζεξ

913 2793 1074 2832 ΕἰιΙιέιιιιιςί,
1091 2793 1176 2832 Λόγου
1188 2793 1206 2829 ),
1223 2793 1278 2832 ἀλλ’
1296 2793 1338 2821 ἵνα
1387 2793 1454 2832 σὰρξ
1466 2794 1482 2832 ῄ
1493 2793 1673 2832 ’Λόγος-Ἀλλ’
1684 2796 1699 2821 ὁ

913 2804 1032 2822 remum.
1049 2804 1074 2825 ι.
1091 2804 1176 2828 Λογου
1188 2804 1206 2829 ι,
1223 2804 1271 2821 αλλ
1297 2804 1338 2821 ινα
1354 2804 1371 2832 η
1387 2804 1454 2831 σαρξ
1466 2804 1594 2858 ἳὶιιογος·
1612 2804 1672 2822 ΛΑΝ
1684 2804 1698 2821 υ

912 2831 998 2864 Λόγος
1014 2831 1080 2866 σὰρξ
1088 2831 1205 2867 ἐγένετο,
1219 2831 1260 2867 ἵνα
1276 2831 1322 2857 καὶ
1336 2833 1349 2858 ὀ
1364 2831 1458 2867 Λόγος,
1495 2832 1556 2859 aulo
1575 2836 1644 2866 post,
1658 2831 1698 2863 iv,

913 2870 976 2893 ante
996 2867 1096 2897 μοοτῆ,
1111 2867 1184 2894 deest
1199 2866 1223 2893 in
1243 2866 1304 2897 See.
