  <div class='ocr_page' id='page_1' title='image "/cluster/home/n/w/nwhite01/storage/ocr_20150623/26/njp.32101077772521/563.png"; bbox 0 0 1954 3041; ppageno 0'>
   <div class='ocr_carea' id='block_1_1' title="bbox 259 131 330 161">
    <p class='ocr_par' dir='ltr' id='par_1_1' title="bbox 259 131 330 161">
     <span class='ocr_line' id='line_1_1' title="bbox 259 131 330 161; baseline 0.014 -1"><span class='ocrx_word' id='word_1_1' title='bbox 259 131 330 161; x_wconf 73' lang='grc'><strong>1115</strong></span> 
     </span>
    </p>
   </div>
   <div class='ocr_carea' id='block_1_2' title="bbox 541 131 1575 165">
    <p class='ocr_par' dir='ltr' id='par_1_2' title="bbox 541 131 1575 165">
     <span class='ocr_line' id='line_1_2' title="bbox 541 131 1575 165; baseline 0.007 -7"><span class='ocrx_word' id='word_1_2' title='bbox 541 131 570 159; x_wconf 86' lang='lat' dir='ltr'><strong>S.</strong></span> <span class='ocrx_word' id='word_1_3' title='bbox 591 131 781 159; x_wconf 74' lang='lat' dir='ltr'><strong>ATIMNASII</strong></span> <span class='ocrx_word' id='word_1_4' title='bbox 802 131 878 160; x_wconf 85' lang='lat' dir='ltr'><strong>OPP.</strong></span> <span class='ocrx_word' id='word_1_5' title='bbox 898 132 989 161; x_wconf 78' lang='lat' dir='ltr'><strong>PARS</strong></span> <span class='ocrx_word' id='word_1_6' title='bbox 1006 133 1026 162; x_wconf 91' lang='grc' dir='ltr'>Ι.</span> <span class='ocrx_word' id='word_1_7' title='bbox 1046 149 1081 154; x_wconf 87' lang='grc'><strong>-</strong></span> <span class='ocrx_word' id='word_1_8' title='bbox 1101 134 1287 164; x_wconf 78' lang='lat' dir='ltr'><strong>IllSTORlCA</strong></span> <span class='ocrx_word' id='word_1_9' title='bbox 1306 136 1350 164; x_wconf 85' lang='grc' dir='ltr'><strong>ΕΤ</strong></span> <span class='ocrx_word' id='word_1_10' title='bbox 1367 137 1575 165; x_wconf 81' lang='lat' dir='ltr'><strong>DOCMATlCA.</strong></span> 
     </span>
    </p>
   </div>
   <div class='ocr_carea' id='block_1_3' title="bbox 1807 140 1863 167">
    <p class='ocr_par' dir='ltr' id='par_1_3' title="bbox 1807 140 1863 167">
     <span class='ocr_line' id='line_1_3' title="bbox 1807 140 1863 167; baseline 0 0"><span class='ocrx_word' id='word_1_11' title='bbox 1807 140 1863 167; x_wconf 80' lang='lat' dir='ltr'><strong>lllG</strong></span> 
     </span>
    </p>
   </div>
   <div class='ocr_carea' id='block_1_4' title="bbox 258 190 1040 235">
    <p class='ocr_par' dir='ltr' id='par_1_4' title="bbox 258 190 1040 227">
     <span class='ocr_line' id='line_1_4' title="bbox 258 190 1040 227; baseline 0.003 -9"><span class='ocrx_word' id='word_1_12' title='bbox 258 190 341 226; x_wconf 63' lang='grc'><strong>744</strong></span> <span class='ocrx_word' id='word_1_13' title='bbox 357 190 476 219; x_wconf 85' lang='lat' dir='ltr'><strong>humana</strong></span> <span class='ocrx_word' id='word_1_14' title='bbox 503 190 590 218; x_wconf 80' lang='lat' dir='ltr'><strong>forma</strong></span> <span class='ocrx_word' id='word_1_15' title='bbox 611 191 779 226; x_wconf 77' lang='lat' dir='ltr'><strong>susciperet,</strong></span> <span class='ocrx_word' id='word_1_16' title='bbox 802 199 834 219; x_wconf 86' lang='lat' dir='ltr'><strong>ac</strong></span> <span class='ocrx_word' id='word_1_17' title='bbox 850 200 938 227; x_wconf 89' lang='lat' dir='ltr'><strong>usque</strong></span> <span class='ocrx_word' id='word_1_18' title='bbox 953 194 986 220; x_wconf 90' lang='lat' dir='ltr'><strong>ad</strong></span> <span class='ocrx_word' id='word_1_19' title='bbox 1004 201 1040 220; x_wconf 81' lang='lat' dir='ltr'><strong>se-</strong></span> 
     </span>
    </p>
   </div>
   <div class='ocr_carea' id='block_1_5' title="bbox 1092 190 1863 235">
    <p class='ocr_par' dir='ltr' id='par_1_5' title="bbox 1099 195 1863 235">
     <span class='ocr_line' id='line_1_5' title="bbox 1099 195 1863 235; baseline 0.005 -14"><span class='ocrx_word' id='word_1_20' title='bbox 1099 195 1139 228; x_wconf 82' lang='grc' dir='ltr'>ξιν</span> <span class='ocrx_word' id='word_1_21' title='bbox 1155 197 1339 231; x_wconf 80' lang='grc' dir='ltr'><strong>ποιησάμενος</strong></span> <span class='ocrx_word' id='word_1_22' title='bbox 1353 198 1367 223; x_wconf 87' lang='grc' dir='ltr'><strong>ό</strong></span> <span class='ocrx_word' id='word_1_23' title='bbox 1385 196 1451 229; x_wconf 78' lang='grc' dir='ltr'>Θεὸς</span> <span class='ocrx_word' id='word_1_24' title='bbox 1465 197 1549 232; x_wconf 83' lang='grc' dir='ltr'>Λόγος</span> <span class='ocrx_word' id='word_1_25' title='bbox 1561 197 1604 224; x_wconf 79' lang='grc' dir='ltr'>διὰ</span> <span class='ocrx_word' id='word_1_26' title='bbox 1621 197 1687 230; x_wconf 77' lang='grc' dir='ltr'>ιδίας</span> <span class='ocrx_word' id='word_1_27' title='bbox 1703 199 1747 225; x_wconf 71' lang='grc' dir='ltr'>καὶ</span> <span class='ocrx_word' id='word_1_28' title='bbox 1760 198 1863 235; x_wconf 75' lang='grc' dir='ltr'>ἀδιαιρέ-</span> 
     </span>
    </p>
   </div>
   <div class='ocr_carea' id='block_1_6' title="bbox 257 233 1047 271">
    <p class='ocr_par' dir='ltr' id='par_1_6' title="bbox 257 233 1047 271">
     <span class='ocr_line' id='line_1_6' title="bbox 257 233 1047 271; baseline 0.004 -10"><span class='ocrx_word' id='word_1_29' title='bbox 257 235 382 270; x_wconf 86' lang='lat' dir='ltr'><strong>pulcrum</strong></span> <span class='ocrx_word' id='word_1_30' title='bbox 398 240 425 262; x_wconf 87' lang='lat' dir='ltr'><strong>et</strong></span> <span class='ocrx_word' id='word_1_31' title='bbox 449 233 586 261; x_wconf 76' lang='lat' dir='ltr'><strong>infernum</strong></span> <span class='ocrx_word' id='word_1_32' title='bbox 613 235 809 268; x_wconf 85' lang='lat' dir='ltr'><strong>descenderet;</strong></span> <span class='ocrx_word' id='word_1_33' title='bbox 828 237 854 262; x_wconf 93' lang='lat' dir='ltr'><strong>in</strong></span> <span class='ocrx_word' id='word_1_34' title='bbox 875 244 928 271; x_wconf 89' lang='lat' dir='ltr'><strong>qua</strong></span> <span class='ocrx_word' id='word_1_35' title='bbox 950 243 977 264; x_wconf 89' lang='lat' dir='ltr'><strong>et</strong></span> <span class='ocrx_word' id='word_1_36' title='bbox 1003 245 1047 264; x_wconf 84' lang='lat' dir='ltr'><strong>re-</strong></span> 
     </span>
    </p>
   </div>
   <div class='ocr_carea' id='block_1_7' title="bbox 258 279 1047 316">
    <p class='ocr_par' dir='ltr' id='par_1_7' title="bbox 258 279 1047 316">
     <span class='ocr_line' id='line_1_7' title="bbox 258 279 1047 316; baseline 0.003 -8"><span class='ocrx_word' id='word_1_37' title='bbox 258 280 456 308; x_wconf 87' lang='lat' dir='ltr'><strong>surrectionem</strong></span> <span class='ocrx_word' id='word_1_38' title='bbox 485 287 518 306; x_wconf 80' lang='lat' dir='ltr'><strong>ex</strong></span> <span class='ocrx_word' id='word_1_39' title='bbox 545 280 661 307; x_wconf 90' lang='lat' dir='ltr'><strong>mortuis</strong></span> <span class='ocrx_word' id='word_1_40' title='bbox 690 279 820 314; x_wconf 79' lang='lat' dir='ltr'><strong>perfecit,</strong></span> <span class='ocrx_word' id='word_1_41' title='bbox 854 282 1001 316; x_wconf 86' lang='lat' dir='ltr'><strong>carnisque</strong></span> <span class='ocrx_word' id='word_1_42' title='bbox 1019 287 1047 310; x_wconf 89' lang='lat' dir='ltr'><strong>et</strong></span> 
     </span>
    </p>
   </div>
   <div class='ocr_carea' id='block_1_8' title="bbox 258 325 1046 361">
    <p class='ocr_par' dir='ltr' id='par_1_8' title="bbox 258 325 1046 361">
     <span class='ocr_line' id='line_1_8' title="bbox 258 325 1046 361; baseline 0.004 -8"><span class='ocrx_word' id='word_1_43' title='bbox 258 325 400 360; x_wconf 76' lang='lat' dir='ltr'><strong>sanguinis</strong></span> <span class='ocrx_word' id='word_1_44' title='bbox 415 330 498 360; x_wconf 88' lang='lat' dir='ltr'><strong>atque</strong></span> <span class='ocrx_word' id='word_1_45' title='bbox 521 325 620 353; x_wconf 66' lang='lat' dir='ltr'><strong>animat</strong></span> <span class='ocrx_word' id='word_1_46' title='bbox 638 326 738 353; x_wconf 89' lang='lat' dir='ltr'><strong>indicia</strong></span> <span class='ocrx_word' id='word_1_47' title='bbox 759 327 875 361; x_wconf 69' lang='lat' dir='ltr'><strong>praebuit</strong></span> <span class='ocrx_word' id='word_1_48' title='bbox 889 327 961 355; x_wconf 87' lang='lat' dir='ltr'><strong>Dens</strong></span> <span class='ocrx_word' id='word_1_49' title='bbox 977 328 1046 356; x_wconf 86' lang='lat' dir='ltr'><strong>Ver—</strong></span> 
     </span>
    </p>
   </div>
   <div class='ocr_carea' id='block_1_9' title="bbox 258 371 1045 408">
    <p class='ocr_par' dir='ltr' id='par_1_9' title="bbox 258 371 1045 408">
     <span class='ocr_line' id='line_1_9' title="bbox 258 371 1045 408; baseline 0.005 -11"><span class='ocrx_word' id='word_1_50' title='bbox 258 371 334 404; x_wconf 89' lang='lat' dir='ltr'><strong>bum,</strong></span> <span class='ocrx_word' id='word_1_51' title='bbox 350 378 398 405; x_wconf 85' lang='lat' dir='ltr'><strong>per</strong></span> <span class='ocrx_word' id='word_1_52' title='bbox 413 371 552 405; x_wconf 82' lang='lat' dir='ltr'><strong>propriam</strong></span> <span class='ocrx_word' id='word_1_53' title='bbox 568 377 595 397; x_wconf 91' lang='lat' dir='ltr'><strong>et</strong></span> <span class='ocrx_word' id='word_1_54' title='bbox 611 371 833 405; x_wconf 82' lang='lat' dir='ltr'><strong>inseparabilem,</strong></span> <span class='ocrx_word' id='word_1_55' title='bbox 858 376 889 399; x_wconf 92' lang='lat' dir='ltr'><strong>ut</strong></span> <span class='ocrx_word' id='word_1_56' title='bbox 912 373 1045 408; x_wconf 82' lang='lat' dir='ltr'><strong>scriptum</strong></span> 
     </span>
    </p>
   </div>
   <div class='ocr_carea' id='block_1_10' title="bbox 257 416 1047 450">
    <p class='ocr_par' dir='ltr' id='par_1_10' title="bbox 257 416 1047 450">
     <span class='ocr_line' id='line_1_10' title="bbox 257 416 1047 450; baseline 0.005 -7"><span class='ocrx_word' id='word_1_57' title='bbox 257 422 308 444; x_wconf 85' lang='lat' dir='ltr'><strong>est.</strong></span> <span class='ocrx_word' id='word_1_58' title='bbox 322 423 445 447; x_wconf 87' lang='lat' dir='ltr'><strong>carnem,</strong></span> <span class='ocrx_word' id='word_1_59' title='bbox 457 424 489 443; x_wconf 78' lang='lat' dir='ltr'><strong>ex</strong></span> <span class='ocrx_word' id='word_1_60' title='bbox 505 416 608 444; x_wconf 88' lang='lat' dir='ltr'><strong>semine</strong></span> <span class='ocrx_word' id='word_1_61' title='bbox 620 416 713 443; x_wconf 84' lang='lat' dir='ltr'><strong>David.</strong></span> <span class='ocrx_word' id='word_1_62' title='bbox 725 417 797 450; x_wconf 84' lang='lat' dir='ltr'><strong>Quid</strong></span> <span class='ocrx_word' id='word_1_63' title='bbox 807 418 879 445; x_wconf 84' lang='lat' dir='ltr'><strong>enim</strong></span> <span class='ocrx_word' id='word_1_64' title='bbox 897 418 968 445; x_wconf 85' lang='lat' dir='ltr'><strong>aliud</strong></span> <span class='ocrx_word' id='word_1_65' title='bbox 978 419 1047 447; x_wconf 69' lang='lat' dir='ltr'><strong>dixit</strong></span> 
     </span>
    </p>
   </div>
   <div class='ocr_carea' id='block_1_11' title="bbox 258 462 1047 500">
    <p class='ocr_par' dir='ltr' id='par_1_11' title="bbox 258 462 1047 500">
     <span class='ocr_line' id='line_1_11' title="bbox 258 462 1047 500; baseline 0.005 -12"><span class='ocrx_word' id='word_1_66' title='bbox 258 462 377 489; x_wconf 83' lang='lat' dir='ltr'><strong>Marcion</strong></span> <span class='ocrx_word' id='word_1_67' title='bbox 399 469 481 497; x_wconf 89' lang='lat' dir='ltr'><strong>quam</strong></span> <span class='ocrx_word' id='word_1_68' title='bbox 504 470 565 496; x_wconf 73' lang='lat' dir='ltr'><strong>quae</strong></span> <span class='ocrx_word' id='word_1_69' title='bbox 594 470 643 490; x_wconf 89' lang='lat' dir='ltr'><strong>vos</strong></span> <span class='ocrx_word' id='word_1_70' title='bbox 660 462 807 497; x_wconf 72' lang='lat' dir='ltr'><strong>profertis?</strong></span> <span class='ocrx_word' id='word_1_71' title='bbox 831 463 925 491; x_wconf 82' lang='lat' dir='ltr'><strong>Nonne</strong></span> <span class='ocrx_word' id='word_1_72' title='bbox 948 472 1047 500; x_wconf 86' lang='lat' dir='ltr'><strong>corpus</strong></span> 
     </span>
    </p>
   </div>
   <div class='ocr_carea' id='block_1_12' title="bbox 257 507 1046 543">
    <p class='ocr_par' dir='ltr' id='par_1_12' title="bbox 257 507 1046 543">
     <span class='ocr_line' id='line_1_12' title="bbox 257 507 1046 543; baseline 0.004 -9"><span class='ocrx_word' id='word_1_73' title='bbox 257 507 330 542; x_wconf 89' lang='lat' dir='ltr'><strong>quod</strong></span> <span class='ocrx_word' id='word_1_74' title='bbox 358 515 392 535; x_wconf 83' lang='lat' dir='ltr'><strong>ex</strong></span> <span class='ocrx_word' id='word_1_75' title='bbox 418 508 488 535; x_wconf 70' lang='lat' dir='ltr'><strong>cmlo</strong></span> <span class='ocrx_word' id='word_1_76' title='bbox 509 508 635 542; x_wconf 76' lang='lat' dir='ltr'><strong>apparuit</strong></span> <span class='ocrx_word' id='word_1_77' title='bbox 665 508 692 534; x_wconf 91' lang='lat' dir='ltr'><strong>in</strong></span> <span class='ocrx_word' id='word_1_78' title='bbox 721 509 898 536; x_wconf 89' lang='lat' dir='ltr'><strong>similitudine</strong></span> <span class='ocrx_word' id='word_1_79' title='bbox 918 509 1046 543; x_wconf 88' lang='lat' dir='ltr'><strong>humana,</strong></span> 
     </span>
    </p>
   </div>
   <div class='ocr_carea' id='block_1_13' title="bbox 257 553 1048 586">
    <p class='ocr_par' dir='ltr' id='par_1_13' title="bbox 257 553 1048 586">
     <span class='ocr_line' id='line_1_13' title="bbox 257 553 1048 586; baseline 0.006 -7"><span class='ocrx_word' id='word_1_80' title='bbox 257 557 284 579; x_wconf 89' lang='lat' dir='ltr'><strong>et</strong></span> <span class='ocrx_word' id='word_1_81' title='bbox 300 560 353 580; x_wconf 91' lang='lat' dir='ltr'><strong>non</strong></span> <span class='ocrx_word' id='word_1_82' title='bbox 383 553 410 580; x_wconf 86' lang='lat' dir='ltr'><strong>in</strong></span> <span class='ocrx_word' id='word_1_83' title='bbox 437 553 571 580; x_wconf 83' lang='lat' dir='ltr'><strong>veritate?</strong></span> <span class='ocrx_word' id='word_1_84' title='bbox 587 553 658 586; x_wconf 84' lang='lat' dir='ltr'><strong>Quid</strong></span> <span class='ocrx_word' id='word_1_85' title='bbox 683 554 748 581; x_wconf 85' lang='lat' dir='ltr'><strong>item</strong></span> <span class='ocrx_word' id='word_1_86' title='bbox 777 554 850 581; x_wconf 85' lang='lat' dir='ltr'><strong>aliud</strong></span> <span class='ocrx_word' id='word_1_87' title='bbox 871 555 978 583; x_wconf 87' lang='lat' dir='ltr'><strong>locutus</strong></span> <span class='ocrx_word' id='word_1_88' title='bbox 1006 561 1048 584; x_wconf 89' lang='lat' dir='ltr'><strong>est</strong></span> 
     </span>
    </p>
   </div>
   <div class='ocr_carea' id='block_1_14' title="bbox 1100 241 1864 278">
    <p class='ocr_par' dir='ltr' id='par_1_14' title="bbox 1100 241 1864 278">
     <span class='ocr_line' id='line_1_14' title="bbox 1100 241 1864 278; baseline 0.005 -12"><span class='ocrx_word' id='word_1_89' title='bbox 1100 249 1147 266; x_wconf 86' lang='grc' dir='ltr'><strong>του</strong></span> <span class='ocrx_word' id='word_1_90' title='bbox 1167 241 1279 276; x_wconf 78' lang='grc' dir='ltr'>σαρκὸς,</span> <span class='ocrx_word' id='word_1_91' title='bbox 1291 241 1329 273; x_wconf 81' lang='grc' dir='ltr'>ὡς</span> <span class='ocrx_word' id='word_1_92' title='bbox 1344 242 1513 277; x_wconf 78' lang='grc' dir='ltr'>γέγραπται,</span> <span class='ocrx_word' id='word_1_93' title='bbox 1528 243 1560 269; x_wconf 82' lang='grc' dir='ltr'>ἐκ</span> <span class='ocrx_word' id='word_1_94' title='bbox 1575 243 1729 278; x_wconf 83' lang='grc' dir='ltr'>σπέρματος</span> <span class='ocrx_word' id='word_1_95' title='bbox 1741 244 1821 270; x_wconf 78' lang='grc' dir='ltr'><strong>Δαείδ.</strong></span> <span class='ocrx_word' id='word_1_96' title='bbox 1838 245 1864 271; x_wconf 79' lang='grc' dir='ltr'><strong>Τί</strong></span> 
     </span>
    </p>
   </div>
   <div class='ocr_carea' id='block_1_15' title="bbox 1100 286 1865 325">
    <p class='ocr_par' dir='ltr' id='par_1_15' title="bbox 1100 286 1865 325">
     <span class='ocr_line' id='line_1_15' title="bbox 1100 286 1865 325; baseline 0.007 -13"><span class='ocrx_word' id='word_1_97' title='bbox 1100 286 1154 322; x_wconf 82' lang='grc' dir='ltr'>γὰρ</span> <span class='ocrx_word' id='word_1_98' title='bbox 1169 287 1260 322; x_wconf 82' lang='grc' dir='ltr'>ἕτερον</span> <span class='ocrx_word' id='word_1_99' title='bbox 1277 288 1344 323; x_wconf 86' lang='grc' dir='ltr'>παρ’</span> <span class='ocrx_word' id='word_1_100' title='bbox 1362 289 1434 323; x_wconf 80' lang='grc' dir='ltr'>ὑμᾶς</span> <span class='ocrx_word' id='word_1_101' title='bbox 1453 289 1546 324; x_wconf 75' lang='grc' dir='ltr'>εἴρηκε</span> <span class='ocrx_word' id='word_1_102' title='bbox 1560 289 1706 324; x_wconf 71' lang='grc' dir='ltr'>Μαρκίωνς</span> <span class='ocrx_word' id='word_1_103' title='bbox 1721 289 1784 324; x_wconf 69' lang='grc' dir='ltr'><strong>Οὐχὶ</strong></span> <span class='ocrx_word' id='word_1_104' title='bbox 1796 290 1865 325; x_wconf 80' lang='grc' dir='ltr'>οὐρα-</span> 
     </span>
    </p>
   </div>
   <div class='ocr_carea' id='block_1_16' title="bbox 1100 333 1865 370">
    <p class='ocr_par' dir='ltr' id='par_1_16' title="bbox 1100 333 1865 370">
     <span class='ocr_line' id='line_1_16' title="bbox 1100 333 1865 370; baseline 0.005 -12"><span class='ocrx_word' id='word_1_105' title='bbox 1100 333 1214 366; x_wconf 77' lang='grc' dir='ltr'>νοφανές</span> <span class='ocrx_word' id='word_1_106' title='bbox 1233 333 1264 359; x_wconf 78' lang='grc' dir='ltr'>τὸ</span> <span class='ocrx_word' id='word_1_107' title='bbox 1283 333 1363 368; x_wconf 85' lang='grc' dir='ltr'>σῶμα</span> <span class='ocrx_word' id='word_1_108' title='bbox 1382 335 1410 360; x_wconf 79' lang='grc' dir='ltr'>ἑν</span> <span class='ocrx_word' id='word_1_109' title='bbox 1425 334 1551 369; x_wconf 84' lang='grc' dir='ltr'><strong>ὁμοιώσει</strong></span> <span class='ocrx_word' id='word_1_110' title='bbox 1567 334 1720 370; x_wconf 79' lang='grc' dir='ltr'><strong>ἀνθρωπίνῃ</strong></span> <span class='ocrx_word' id='word_1_111' title='bbox 1743 335 1805 368; x_wconf 71' lang='lat'><strong>(28).</strong></span> <span class='ocrx_word' id='word_1_112' title='bbox 1826 337 1865 362; x_wconf 75' lang='grc' dir='ltr'><strong>καὶ</strong></span> 
     </span>
    </p>
   </div>
   <div class='ocr_carea' id='block_1_17' title="bbox 1099 376 1865 414">
    <p class='ocr_par' dir='ltr' id='par_1_17' title="bbox 1099 376 1865 414">
     <span class='ocr_line' id='line_1_17' title="bbox 1099 376 1865 414; baseline 0.005 -12"><span class='ocrx_word' id='word_1_113' title='bbox 1099 377 1148 403; x_wconf 81' lang='grc' dir='ltr'>οὐκ</span> <span class='ocrx_word' id='word_1_114' title='bbox 1162 376 1297 413; x_wconf 76' lang='grc' dir='ltr'>ἀληθείᾳ;</span> <span class='ocrx_word' id='word_1_115' title='bbox 1312 378 1344 404; x_wconf 85' lang='grc' dir='ltr'><strong>Τί</strong></span> <span class='ocrx_word' id='word_1_116' title='bbox 1361 378 1389 404; x_wconf 81' lang='grc' dir='ltr'><strong>δὲ</strong></span> <span class='ocrx_word' id='word_1_117' title='bbox 1408 378 1471 405; x_wconf 78' lang='grc' dir='ltr'>ἄλλο</span> <span class='ocrx_word' id='word_1_118' title='bbox 1492 379 1584 414; x_wconf 79' lang='grc' dir='ltr'>εἴρηκε</span> <span class='ocrx_word' id='word_1_119' title='bbox 1598 380 1758 414; x_wconf 86' lang='grc' dir='ltr'>Μανιχαῖος;</span> <span class='ocrx_word' id='word_1_120' title='bbox 1769 380 1803 406; x_wconf 80' lang='grc' dir='ltr'><strong>Οὐ</strong></span> <span class='ocrx_word' id='word_1_121' title='bbox 1817 380 1865 406; x_wconf 83' lang='grc' dir='ltr'>θεο-</span> 
     </span>
    </p>
   </div>
   <div class='ocr_carea' id='block_1_18' title="bbox 1099 421 1864 460">
    <p class='ocr_par' dir='ltr' id='par_1_18' title="bbox 1099 421 1864 460">
     <span class='ocr_line' id='line_1_18' title="bbox 1099 421 1864 460; baseline 0.005 -13"><span class='ocrx_word' id='word_1_122' title='bbox 1099 421 1186 453; x_wconf 81' lang='grc' dir='ltr'>ειδές,</span> <span class='ocrx_word' id='word_1_123' title='bbox 1211 423 1241 448; x_wconf 76' lang='grc' dir='ltr'>οὺ</span> <span class='ocrx_word' id='word_1_124' title='bbox 1262 423 1293 449; x_wconf 82' lang='grc' dir='ltr'>τὸ</span> <span class='ocrx_word' id='word_1_125' title='bbox 1313 423 1391 458; x_wconf 78' lang='grc' dir='ltr'>σῶμα</span> <span class='ocrx_word' id='word_1_126' title='bbox 1408 425 1436 450; x_wconf 87' lang='grc' dir='ltr'><strong>ἐν</strong></span> <span class='ocrx_word' id='word_1_127' title='bbox 1451 423 1621 459; x_wconf 78' lang='grc' dir='ltr'>όμοιώσειτῇ</span> <span class='ocrx_word' id='word_1_128' title='bbox 1639 424 1698 450; x_wconf 83' lang='grc' dir='ltr'>καθ’</span> <span class='ocrx_word' id='word_1_129' title='bbox 1717 426 1787 460; x_wconf 75' lang='grc' dir='ltr'>ἡμᾶς</span> <span class='ocrx_word' id='word_1_130' title='bbox 1798 425 1864 460; x_wconf 73' lang='grc' dir='ltr'>μόνη,</span> 
     </span>
    </p>
   </div>
   <div class='ocr_carea' id='block_1_19' title="bbox 1100 467 1866 508">
    <p class='ocr_par' dir='ltr' id='par_1_19' title="bbox 1100 467 1866 508">
     <span class='ocr_line' id='line_1_19' title="bbox 1100 467 1866 508; baseline 0.007 -15"><span class='ocrx_word' id='word_1_131' title='bbox 1100 467 1239 503; x_wconf 86' lang='grc' dir='ltr'>ἀλλότριον</span> <span class='ocrx_word' id='word_1_132' title='bbox 1249 468 1278 495; x_wconf 83' lang='grc' dir='ltr'><strong>δὲ</strong></span> <span class='ocrx_word' id='word_1_133' title='bbox 1290 469 1389 504; x_wconf 71' lang='grc' dir='ltr'>σαρκὸς</span> <span class='ocrx_word' id='word_1_134' title='bbox 1401 469 1586 506; x_wconf 76' lang='grc' dir='ltr'><strong>ἀνθρωπίνης,</strong></span> <span class='ocrx_word' id='word_1_135' title='bbox 1598 468 1632 506; x_wconf 84' lang='grc' dir='ltr'>ἦς</span> <span class='ocrx_word' id='word_1_136' title='bbox 1642 470 1690 506; x_wconf 84' lang='grc' dir='ltr'>τὴν</span> <span class='ocrx_word' id='word_1_137' title='bbox 1704 471 1780 505; x_wconf 84' lang='grc' dir='ltr'>φύσιν</span> <span class='ocrx_word' id='word_1_138' title='bbox 1792 472 1866 508; x_wconf 79' lang='grc' dir='ltr'>ἁμαρ-</span> 
     </span>
    </p>
   </div>
   <div class='ocr_carea' id='block_1_20' title="bbox 1101 513 1865 552">
    <p class='ocr_par' dir='ltr' id='par_1_20' title="bbox 1101 513 1865 552">
     <span class='ocr_line' id='line_1_20' title="bbox 1101 513 1865 552; baseline 0.005 -14"><span class='ocrx_word' id='word_1_139' title='bbox 1101 513 1162 539; x_wconf 81' lang='grc' dir='ltr'>τίαν</span> <span class='ocrx_word' id='word_1_140' title='bbox 1175 513 1249 547; x_wconf 84' lang='grc' dir='ltr'>λέγει</span> <span class='ocrx_word' id='word_1_141' title='bbox 1261 514 1376 547; x_wconf 79' lang='grc' dir='ltr'>ἀσεϐῶν,</span> <span class='ocrx_word' id='word_1_142' title='bbox 1392 515 1438 542; x_wconf 78' lang='grc' dir='ltr'>καὶ</span> <span class='ocrx_word' id='word_1_143' title='bbox 1453 515 1483 542; x_wconf 86' lang='grc' dir='ltr'>οὐ</span> <span class='ocrx_word' id='word_1_144' title='bbox 1497 515 1547 550; x_wconf 83' lang='grc' dir='ltr'>τὴν</span> <span class='ocrx_word' id='word_1_145' title='bbox 1561 515 1674 550; x_wconf 79' lang='grc' dir='ltr'>πρᾶξιν;</span> <span class='ocrx_word' id='word_1_146' title='bbox 1689 515 1800 552; x_wconf 80' lang='grc' dir='ltr'>Τοιαύτη</span> <span class='ocrx_word' id='word_1_147' title='bbox 1814 516 1865 542; x_wconf 78' lang='grc' dir='ltr'>τού-</span> 
     </span>
    </p>
   </div>
   <div class='ocr_carea' id='block_1_21' title="bbox 1101 559 1324 592">
    <p class='ocr_par' dir='ltr' id='par_1_21' title="bbox 1101 559 1324 592">
     <span class='ocr_line' id='line_1_21' title="bbox 1101 559 1324 592; baseline 0.013 -9"><span class='ocrx_word' id='word_1_148' title='bbox 1101 566 1154 584; x_wconf 85' lang='grc' dir='ltr'><strong>των</strong></span> <span class='ocrx_word' id='word_1_149' title='bbox 1171 559 1187 592; x_wconf 96' lang='grc' dir='ltr'><strong>ή</strong></span> <span class='ocrx_word' id='word_1_150' title='bbox 1204 559 1324 586; x_wconf 78' lang='grc' dir='ltr'>ἀσέὸεια.</span> 
     </span>
    </p>
   </div>
   <div class='ocr_carea' id='block_1_22' title="bbox 257 598 1863 638">
    <p class='ocr_par' dir='ltr' id='par_1_22' title="bbox 257 598 1863 638">
     <span class='ocr_line' id='line_1_22' title="bbox 257 598 1863 638; baseline 0.004 -13"><span class='ocrx_word' id='word_1_151' title='bbox 257 598 442 626; x_wconf 75' lang='lat' dir='ltr'><strong>Manichacus?</strong></span> <span class='ocrx_word' id='word_1_152' title='bbox 466 599 564 626; x_wconf 84' lang='lat' dir='ltr'><strong>Nonne</strong></span> <span class='ocrx_word' id='word_1_153' title='bbox 583 599 674 626; x_wconf 81' lang='lat' dir='ltr'><strong>divina</strong></span> <span class='ocrx_word' id='word_1_154' title='bbox 710 600 800 635; x_wconf 87' lang='lat' dir='ltr'><strong>specie</strong></span> <span class='ocrx_word' id='word_1_155' title='bbox 832 608 943 636; x_wconf 89' lang='lat' dir='ltr'><strong>corpus,</strong></span> <span class='ocrx_word' id='word_1_156' title='bbox 973 601 1030 629; x_wconf 86' lang='lat' dir='ltr'><strong>sola</strong></span> <span class='ocrx_word' id='word_1_157' title='bbox 1063 602 1240 631; x_wconf 84' lang='lat' dir='ltr'><strong>similitudine</strong></span> <span class='ocrx_word' id='word_1_158' title='bbox 1270 612 1387 638; x_wconf 83' lang='lat' dir='ltr'><strong>corpus.</strong></span> <span class='ocrx_word' id='word_1_159' title='bbox 1408 604 1442 632; x_wconf 89' lang='lat' dir='ltr'><strong>ab</strong></span> <span class='ocrx_word' id='word_1_160' title='bbox 1478 605 1605 632; x_wconf 67' lang='lat' dir='ltr'><strong>humana</strong></span> <span class='ocrx_word' id='word_1_161' title='bbox 1637 612 1718 632; x_wconf 89' lang='lat' dir='ltr'><strong>came</strong></span> <span class='ocrx_word' id='word_1_162' title='bbox 1740 605 1863 633; x_wconf 84' lang='lat' dir='ltr'><strong>alienum:</strong></span> 
     </span>
    </p>
   </div>
   <div class='ocr_carea' id='block_1_23' title="bbox 257 644 1865 686">
    <p class='ocr_par' dir='ltr' id='par_1_23' title="bbox 257 644 1865 686">
     <span class='ocr_line' id='line_1_23' title="bbox 257 644 1865 686; baseline 0.006 -16"><span class='ocrx_word' id='word_1_163' title='bbox 257 644 338 678; x_wconf 84' lang='lat' dir='ltr'><strong>cujus</strong></span> <span class='ocrx_word' id='word_1_164' title='bbox 365 648 490 671; x_wconf 84' lang='lat' dir='ltr'><strong>naturam</strong></span> <span class='ocrx_word' id='word_1_165' title='bbox 516 649 544 672; x_wconf 87' lang='lat' dir='ltr'><strong>et</strong></span> <span class='ocrx_word' id='word_1_166' title='bbox 569 653 626 672; x_wconf 88' lang='lat' dir='ltr'><strong>non</strong></span> <span class='ocrx_word' id='word_1_167' title='bbox 650 646 837 680; x_wconf 75' lang='lat' dir='ltr'><strong>operationem</strong></span> <span class='ocrx_word' id='word_1_168' title='bbox 860 666 868 680; x_wconf 86' lang='lat'><strong>,</strong></span> <span class='ocrx_word' id='word_1_169' title='bbox 898 652 1041 682; x_wconf 80' lang='lat' dir='ltr'><strong>peccatum</strong></span> <span class='ocrx_word' id='word_1_170' title='bbox 1074 656 1135 677; x_wconf 84' lang='lat' dir='ltr'><strong>esse</strong></span> <span class='ocrx_word' id='word_1_171' title='bbox 1165 651 1247 685; x_wconf 87' lang='lat' dir='ltr'><strong>impie</strong></span> <span class='ocrx_word' id='word_1_172' title='bbox 1270 651 1406 678; x_wconf 74' lang='lat' dir='ltr'><strong>atlirmat?</strong></span> <span class='ocrx_word' id='word_1_173' title='bbox 1432 651 1594 686; x_wconf 76' lang='lat' dir='ltr'><strong>Huiusmodi</strong></span> <span class='ocrx_word' id='word_1_174' title='bbox 1617 656 1659 679; x_wconf 89' lang='lat' dir='ltr'><strong>est</strong></span> <span class='ocrx_word' id='word_1_175' title='bbox 1688 651 1792 679; x_wconf 88' lang='lat' dir='ltr'><strong>illorum</strong></span> <span class='ocrx_word' id='word_1_176' title='bbox 1823 654 1865 680; x_wconf 82' lang='lat' dir='ltr'><strong>im-</strong></span> 
     </span>
    </p>
   </div>
   <div class='ocr_carea' id='block_1_24' title="bbox 256 691 353 726">
    <p class='ocr_par' dir='ltr' id='par_1_24' title="bbox 256 691 353 726">
     <span class='ocr_line' id='line_1_24' title="bbox 256 691 353 726; baseline 0.01 -9"><span class='ocrx_word' id='word_1_177' title='bbox 256 691 353 726; x_wconf 88' lang='lat' dir='ltr'><strong>pietas.</strong></span> 
     </span>
    </p>
   </div>
   <div class='ocr_carea' id='block_1_25' title="bbox 294 737 1042 777">
    <p class='ocr_par' dir='ltr' id='par_1_25' title="bbox 294 737 1042 777">
     <span class='ocr_line' id='line_1_25' title="bbox 294 737 1042 777; baseline 0.007 -12"><span class='ocrx_word' id='word_1_178' title='bbox 294 739 337 765; x_wconf 77' lang='grc'><strong>15.</strong></span> <span class='ocrx_word' id='word_1_179' title='bbox 353 737 534 771; x_wconf 85' lang='lat' dir='ltr'><strong>Quamobrem</strong></span> <span class='ocrx_word' id='word_1_180' title='bbox 552 738 628 766; x_wconf 79' lang='lat' dir='ltr'><strong>nefas</strong></span> <span class='ocrx_word' id='word_1_181' title='bbox 643 743 686 766; x_wconf 90' lang='lat' dir='ltr'><strong>est</strong></span> <span class='ocrx_word' id='word_1_182' title='bbox 698 739 776 774; x_wconf 86' lang='lat' dir='ltr'><strong>pium</strong></span> <span class='ocrx_word' id='word_1_183' title='bbox 789 741 928 769; x_wconf 87' lang='lat' dir='ltr'><strong>hominem</strong></span> <span class='ocrx_word' id='word_1_184' title='bbox 945 742 1042 777; x_wconf 83' lang='lat' dir='ltr'><strong>hujus-</strong></span> 
     </span>
    </p>
   </div>
   <div class='ocr_carea' id='block_1_26' title="bbox 258 785 1044 815">
    <p class='ocr_par' dir='ltr' id='par_1_26' title="bbox 258 785 1044 815">
     <span class='ocr_line' id='line_1_26' title="bbox 258 785 1044 815; baseline 0.005 -4"><span class='ocrx_word' id='word_1_185' title='bbox 258 785 330 811; x_wconf 88' lang='lat' dir='ltr'><strong>modi</strong></span> <span class='ocrx_word' id='word_1_186' title='bbox 349 785 494 812; x_wconf 86' lang='lat' dir='ltr'><strong>verborum</strong></span> <span class='ocrx_word' id='word_1_187' title='bbox 513 786 676 813; x_wconf 81' lang='lat' dir='ltr'><strong>commentis</strong></span> <span class='ocrx_word' id='word_1_188' title='bbox 689 786 748 813; x_wconf 92' lang='lat' dir='ltr'><strong>uti:</strong></span> <span class='ocrx_word' id='word_1_189' title='bbox 768 787 815 814; x_wconf 90' lang='lat' dir='ltr'><strong>sed</strong></span> <span class='ocrx_word' id='word_1_190' title='bbox 829 787 976 815; x_wconf 85' lang='lat' dir='ltr'><strong>dicendum</strong></span> <span class='ocrx_word' id='word_1_191' title='bbox 1001 793 1044 815; x_wconf 88' lang='lat' dir='ltr'><strong>est</strong></span> 
     </span>
    </p>
   </div>
   <div class='ocr_carea' id='block_1_27' title="bbox 260 831 1045 866">
    <p class='ocr_par' dir='ltr' id='par_1_27' title="bbox 260 831 1045 866">
     <span class='ocr_line' id='line_1_27' title="bbox 260 831 1045 866; baseline 0.006 -9"><span class='ocrx_word' id='word_1_192' title='bbox 260 831 375 858; x_wconf 85' lang='lat' dir='ltr'><strong>Verbum</strong></span> <span class='ocrx_word' id='word_1_193' title='bbox 389 832 462 866; x_wconf 89' lang='lat' dir='ltr'><strong>quod</strong></span> <span class='ocrx_word' id='word_1_194' title='bbox 486 835 548 858; x_wconf 90' lang='lat' dir='ltr'><strong>ante</strong></span> <span class='ocrx_word' id='word_1_195' title='bbox 570 832 668 859; x_wconf 64' lang='lat' dir='ltr'><strong>saecula</strong></span> <span class='ocrx_word' id='word_1_196' title='bbox 684 833 918 861; x_wconf 89' lang='lat' dir='ltr'><strong>consubstantiale</strong></span> <span class='ocrx_word' id='word_1_197' title='bbox 933 840 974 862; x_wconf 88' lang='lat' dir='ltr'><strong>est</strong></span> <span class='ocrx_word' id='word_1_198' title='bbox 995 834 1045 863; x_wconf 86' lang='lat' dir='ltr'><strong>Pa-</strong></span> 
     </span>
    </p>
   </div>
   <div class='ocr_carea' id='block_1_28' title="bbox 258 879 1042 916">
    <p class='ocr_par' dir='ltr' id='par_1_28' title="bbox 258 879 1042 916">
     <span class='ocr_line' id='line_1_28' title="bbox 258 879 1042 916; baseline 0.005 -12"><span class='ocrx_word' id='word_1_199' title='bbox 258 879 304 910; x_wconf 85' lang='lat' dir='ltr'><strong>tri,</strong></span> <span class='ocrx_word' id='word_1_200' title='bbox 322 879 347 905; x_wconf 88' lang='lat' dir='ltr'><strong>in</strong></span> <span class='ocrx_word' id='word_1_201' title='bbox 360 879 490 906; x_wconf 86' lang='lat' dir='ltr'><strong>extremis</strong></span> <span class='ocrx_word' id='word_1_202' title='bbox 508 879 685 913; x_wconf 86' lang='lat' dir='ltr'><strong>temporibus,</strong></span> <span class='ocrx_word' id='word_1_203' title='bbox 711 888 743 907; x_wconf 87' lang='lat' dir='ltr'><strong>ex</strong></span> <span class='ocrx_word' id='word_1_204' title='bbox 770 885 866 908; x_wconf 81' lang='lat' dir='ltr'><strong>sancta</strong></span> <span class='ocrx_word' id='word_1_205' title='bbox 886 886 913 908; x_wconf 92' lang='lat' dir='ltr'><strong>et</strong></span> <span class='ocrx_word' id='word_1_206' title='bbox 928 881 1042 916; x_wconf 87' lang='lat' dir='ltr'><strong>Deipara</strong></span> 
     </span>
    </p>
   </div>
   <div class='ocr_carea' id='block_1_29' title="bbox 258 924 1043 960">
    <p class='ocr_par' dir='ltr' id='par_1_29' title="bbox 258 924 1043 960">
     <span class='ocr_line' id='line_1_29' title="bbox 258 924 1043 960; baseline 0.004 -9"><span class='ocrx_word' id='word_1_207' title='bbox 258 924 380 959; x_wconf 75' lang='lat' dir='ltr'><strong>Virgine,</strong></span> <span class='ocrx_word' id='word_1_208' title='bbox 394 925 458 951; x_wconf 59' lang='lat' dir='ltr'><strong>Adae</strong></span> <span class='ocrx_word' id='word_1_209' title='bbox 474 925 578 959; x_wconf 85' lang='lat' dir='ltr'><strong>plasma</strong></span> <span class='ocrx_word' id='word_1_210' title='bbox 591 930 618 952; x_wconf 89' lang='lat' dir='ltr'><strong>et</strong></span> <span class='ocrx_word' id='word_1_211' title='bbox 629 926 768 960; x_wconf 82' lang='lat' dir='ltr'><strong>opiﬁcium</strong></span> <span class='ocrx_word' id='word_1_212' title='bbox 781 935 880 953; x_wconf 88' lang='lat' dir='ltr'><strong>novum</strong></span> <span class='ocrx_word' id='word_1_213' title='bbox 907 927 1043 954; x_wconf 45' lang='lat' dir='ltr'><strong>restituis.</strong></span> 
     </span>
    </p>
   </div>
   <div class='ocr_carea' id='block_1_30' title="bbox 244 965 1040 1007">
    <p class='ocr_par' dir='ltr' id='par_1_30' title="bbox 244 965 1040 1007">
     <span class='ocr_line' id='line_1_30' title="bbox 244 965 1040 1007; baseline 0.003 -9"><span class='ocrx_word' id='word_1_214' title='bbox 244 965 297 1002; x_wconf 13' lang='lat' dir='ltr'><strong>ise,</strong></span> <span class='ocrx_word' id='word_1_215' title='bbox 316 978 378 998; x_wconf 91' lang='lat' dir='ltr'><strong>cum</strong></span> <span class='ocrx_word' id='word_1_216' title='bbox 393 970 459 997; x_wconf 91' lang='lat' dir='ltr'><strong>illud</strong></span> <span class='ocrx_word' id='word_1_217' title='bbox 483 971 534 998; x_wconf 82' lang='lat' dir='ltr'><strong>sibi</strong></span> <span class='ocrx_word' id='word_1_218' title='bbox 557 979 605 1006; x_wconf 88' lang='lat' dir='ltr'><strong>per</strong></span> <span class='ocrx_word' id='word_1_219' title='bbox 626 972 756 999; x_wconf 87' lang='lat' dir='ltr'><strong>unionem</strong></span> <span class='ocrx_word' id='word_1_220' title='bbox 782 974 921 1007; x_wconf 90' lang='lat' dir='ltr'><strong>proprium</strong></span> <span class='ocrx_word' id='word_1_221' title='bbox 934 973 1040 1000; x_wconf 72' lang='lat' dir='ltr'><strong>etfeeit:</strong></span> 
     </span>
    </p>
   </div>
   <div class='ocr_carea' id='block_1_31' title="bbox 258 1016 1042 1052">
    <p class='ocr_par' dir='ltr' id='par_1_31' title="bbox 258 1016 1042 1052">
     <span class='ocr_line' id='line_1_31' title="bbox 258 1016 1042 1052; baseline 0.004 -10"><span class='ocrx_word' id='word_1_222' title='bbox 258 1020 341 1050; x_wconf 78' lang='lat' dir='ltr'><strong>atque</strong></span> <span class='ocrx_word' id='word_1_223' title='bbox 364 1016 401 1043; x_wconf 84' lang='lat' dir='ltr'><strong>ita</strong></span> <span class='ocrx_word' id='word_1_224' title='bbox 417 1017 493 1044; x_wconf 81' lang='lat' dir='ltr'><strong>visus</strong></span> <span class='ocrx_word' id='word_1_225' title='bbox 523 1021 563 1044; x_wconf 87' lang='lat' dir='ltr'><strong>est</strong></span> <span class='ocrx_word' id='word_1_226' title='bbox 589 1017 671 1044; x_wconf 90' lang='lat' dir='ltr'><strong>homo</strong></span> <span class='ocrx_word' id='word_1_227' title='bbox 689 1017 825 1049; x_wconf 86' lang='lat' dir='ltr'><strong>Christus,</strong></span> <span class='ocrx_word' id='word_1_228' title='bbox 841 1020 887 1052; x_wconf 88' lang='lat' dir='ltr'><strong>qut</strong></span> <span class='ocrx_word' id='word_1_229' title='bbox 902 1024 966 1045; x_wconf 82' lang='lat' dir='ltr'><strong>ante</strong></span> <span class='ocrx_word' id='word_1_230' title='bbox 990 1026 1042 1045; x_wconf 75' lang='lat' dir='ltr'><strong>sa:-</strong></span> 
     </span>
    </p>
   </div>
   <div class='ocr_carea' id='block_1_32' title="bbox 256 1061 1043 1096">
    <p class='ocr_par' dir='ltr' id='par_1_32' title="bbox 256 1061 1043 1096">
     <span class='ocr_line' id='line_1_32' title="bbox 256 1061 1043 1096; baseline 0.003 -7"><span class='ocrx_word' id='word_1_231' title='bbox 256 1062 318 1089; x_wconf 86' lang='lat' dir='ltr'><strong>cula</strong></span> <span class='ocrx_word' id='word_1_232' title='bbox 333 1061 404 1089; x_wconf 90' lang='lat' dir='ltr'><strong>Deus</strong></span> <span class='ocrx_word' id='word_1_233' title='bbox 423 1068 492 1089; x_wconf 85' lang='lat' dir='ltr'><strong>erat.</strong></span> <span class='ocrx_word' id='word_1_234' title='bbox 516 1063 549 1089; x_wconf 80' lang='lat' dir='ltr'><strong>Et</strong></span> <span class='ocrx_word' id='word_1_235' title='bbox 563 1070 614 1090; x_wconf 92' lang='lat' dir='ltr'><strong>nos</strong></span> <span class='ocrx_word' id='word_1_236' title='bbox 633 1063 755 1090; x_wconf 90' lang='lat' dir='ltr'><strong>membra</strong></span> <span class='ocrx_word' id='word_1_237' title='bbox 769 1063 871 1091; x_wconf 82' lang='lat' dir='ltr'><strong>Christi</strong></span> <span class='ocrx_word' id='word_1_238' title='bbox 889 1072 994 1096; x_wconf 86' lang='lat' dir='ltr'><strong>sumus,</strong></span> <span class='ocrx_word' id='word_1_239' title='bbox 1013 1068 1043 1091; x_wconf 94' lang='lat' dir='ltr'><strong>ut</strong></span> 
     </span>
    </p>
   </div>
   <div class='ocr_carea' id='block_1_33' title="bbox 257 1109 1042 1146">
    <p class='ocr_par' dir='ltr' id='par_1_33' title="bbox 257 1109 1042 1146">
     <span class='ocr_line' id='line_1_33' title="bbox 257 1109 1042 1146; baseline 0.004 -11"><span class='ocrx_word' id='word_1_240' title='bbox 257 1109 389 1143; x_wconf 82' lang='lat' dir='ltr'><strong>scriptum</strong></span> <span class='ocrx_word' id='word_1_241' title='bbox 401 1114 452 1141; x_wconf 79' lang='lat' dir='ltr'><strong>est,</strong></span> <span class='ocrx_word' id='word_1_242' title='bbox 467 1117 501 1137; x_wconf 76' lang='lat' dir='ltr'><strong>es</strong></span> <span class='ocrx_word' id='word_1_243' title='bbox 517 1117 600 1137; x_wconf 88' lang='lat' dir='ltr'><strong>carne</strong></span> <span class='ocrx_word' id='word_1_244' title='bbox 611 1114 638 1137; x_wconf 90' lang='lat' dir='ltr'><strong>et</strong></span> <span class='ocrx_word' id='word_1_245' title='bbox 650 1119 683 1137; x_wconf 88' lang='lat' dir='ltr'><strong>ex</strong></span> <span class='ocrx_word' id='word_1_246' title='bbox 696 1111 806 1139; x_wconf 86' lang='lat' dir='ltr'><strong>ossibus</strong></span> <span class='ocrx_word' id='word_1_247' title='bbox 823 1111 893 1146; x_wconf 85' lang='lat' dir='ltr'><strong>ejus.</strong></span> <span class='ocrx_word' id='word_1_248' title='bbox 905 1111 1042 1144; x_wconf 90' lang='lat' dir='ltr'><strong>Quorsum</strong></span> 
     </span>
    </p>
   </div>
   <div class='ocr_carea' id='block_1_34' title="bbox 258 1154 1044 1190">
    <p class='ocr_par' dir='ltr' id='par_1_34' title="bbox 258 1154 1044 1190">
     <span class='ocr_line' id='line_1_34' title="bbox 258 1154 1044 1190; baseline 0.005 -10"><span class='ocrx_word' id='word_1_249' title='bbox 258 1154 342 1189; x_wconf 81' lang='lat' dir='ltr'><strong>igitur</strong></span> <span class='ocrx_word' id='word_1_250' title='bbox 359 1155 417 1182; x_wconf 65' lang='lat' dir='ltr'><strong>haec</strong></span> <span class='ocrx_word' id='word_1_251' title='bbox 441 1160 594 1183; x_wconf 84' lang='lat' dir='ltr'><strong>vestrarum</strong></span> <span class='ocrx_word' id='word_1_252' title='bbox 625 1156 812 1184; x_wconf 90' lang='lat' dir='ltr'><strong>inventionum</strong></span> <span class='ocrx_word' id='word_1_253' title='bbox 838 1158 996 1190; x_wconf 87' lang='lat' dir='ltr'><strong>contentio;</strong></span> <span class='ocrx_word' id='word_1_254' title='bbox 1013 1161 1044 1184; x_wconf 90' lang='lat' dir='ltr'><strong>ut</strong></span> 
     </span>
    </p>
   </div>
   <div class='ocr_carea' id='block_1_35' title="bbox 257 1199 1043 1236">
    <p class='ocr_par' dir='ltr' id='par_1_35' title="bbox 257 1199 1043 1236">
     <span class='ocr_line' id='line_1_35' title="bbox 257 1199 1043 1236; baseline 0.006 -11"><span class='ocrx_word' id='word_1_255' title='bbox 257 1206 306 1234; x_wconf 83' lang='lat' dir='ltr'><strong>per</strong></span> <span class='ocrx_word' id='word_1_256' title='bbox 317 1199 464 1227; x_wconf 89' lang='lat' dir='ltr'><strong>humanam</strong></span> <span class='ocrx_word' id='word_1_257' title='bbox 481 1201 655 1235; x_wconf 80' lang='lat' dir='ltr'><strong>sapientiam,</strong></span> <span class='ocrx_word' id='word_1_258' title='bbox 672 1209 703 1228; x_wconf 89' lang='lat' dir='ltr'><strong>ea</strong></span> <span class='ocrx_word' id='word_1_259' title='bbox 726 1209 787 1236; x_wconf 72' lang='lat' dir='ltr'><strong>quae</strong></span> <span class='ocrx_word' id='word_1_260' title='bbox 802 1202 948 1229; x_wconf 87' lang='lat' dir='ltr'><strong>humanam</strong></span> <span class='ocrx_word' id='word_1_261' title='bbox 965 1203 1043 1230; x_wconf 91' lang='lat' dir='ltr'><strong>intel-</strong></span> 
     </span>
    </p>
   </div>
   <div class='ocr_carea' id='block_1_36' title="bbox 257 1245 1042 1280">
    <p class='ocr_par' dir='ltr' id='par_1_36' title="bbox 257 1245 1042 1280">
     <span class='ocr_line' id='line_1_36' title="bbox 257 1245 1042 1280; baseline 0.005 -8"><span class='ocrx_word' id='word_1_262' title='bbox 257 1245 396 1279; x_wconf 73' lang='lat' dir='ltr'><strong>ligentiam</strong></span> <span class='ocrx_word' id='word_1_263' title='bbox 408 1253 540 1280; x_wconf 83' lang='lat' dir='ltr'><strong>superant</strong></span> <span class='ocrx_word' id='word_1_264' title='bbox 564 1247 714 1280; x_wconf 83' lang='lat' dir='ltr'><strong>deﬁniatis,</strong></span> <span class='ocrx_word' id='word_1_265' title='bbox 731 1249 795 1275; x_wconf 89' lang='lat' dir='ltr'><strong>dum</strong></span> <span class='ocrx_word' id='word_1_266' title='bbox 811 1249 913 1279; x_wconf 86' lang='lat' dir='ltr'><strong>dicitis,</strong></span> <span class='ocrx_word' id='word_1_267' title='bbox 931 1249 990 1276; x_wconf 83' lang='lat' dir='ltr'><strong>vice</strong></span> <span class='ocrx_word' id='word_1_268' title='bbox 1001 1249 1042 1277; x_wconf 89' lang='lat' dir='ltr'><strong>in-</strong></span> 
     </span>
    </p>
   </div>
   <div class='ocr_carea' id='block_1_37' title="bbox 259 1291 1040 1325">
    <p class='ocr_par' dir='ltr' id='par_1_37' title="bbox 259 1291 1040 1325">
     <span class='ocr_line' id='line_1_37' title="bbox 259 1291 1040 1325; baseline 0.006 -8"><span class='ocrx_word' id='word_1_269' title='bbox 259 1291 368 1318; x_wconf 88' lang='lat' dir='ltr'><strong>terioris</strong></span> <span class='ocrx_word' id='word_1_270' title='bbox 380 1292 467 1318; x_wconf 83' lang='lat' dir='ltr'><strong>nostri</strong></span> <span class='ocrx_word' id='word_1_271' title='bbox 485 1293 615 1325; x_wconf 83' lang='lat' dir='ltr'><strong>hominis.</strong></span> <span class='ocrx_word' id='word_1_272' title='bbox 631 1297 750 1320; x_wconf 87' lang='lat' dir='ltr'><strong>mentem</strong></span> <span class='ocrx_word' id='word_1_273' title='bbox 769 1295 907 1322; x_wconf 58' lang='lat' dir='ltr'><strong>caelestem</strong></span> <span class='ocrx_word' id='word_1_274' title='bbox 921 1295 947 1322; x_wconf 92' lang='lat' dir='ltr'><strong>in</strong></span> <span class='ocrx_word' id='word_1_275' title='bbox 959 1295 1040 1322; x_wconf 88' lang='lat' dir='ltr'><strong>Chri-</strong></span> 
     </span>
    </p>
   </div>
   <div class='ocr_carea' id='block_1_38' title="bbox 257 1333 1042 1370">
    <p class='ocr_par' dir='ltr' id='par_1_38' title="bbox 257 1333 1042 1370">
     <span class='ocr_line' id='line_1_38' title="bbox 257 1333 1042 1370; baseline 0.008 -10"><span class='ocrx_word' id='word_1_276' title='bbox 257 1339 301 1361; x_wconf 86' lang='lat' dir='ltr'><strong>sto</strong></span> <span class='ocrx_word' id='word_1_277' title='bbox 312 1333 415 1362; x_wconf 82' lang='lat' dir='ltr'><strong>fuisse?</strong></span> <span class='ocrx_word' id='word_1_278' title='bbox 436 1336 457 1362; x_wconf 87' lang='lat'><strong>0</strong></span> <span class='ocrx_word' id='word_1_279' title='bbox 473 1336 604 1362; x_wconf 81' lang='lat' dir='ltr'><strong>nefariam</strong></span> <span class='ocrx_word' id='word_1_280' title='bbox 629 1337 804 1370; x_wconf 84' lang='lat' dir='ltr'><strong>sententiam,</strong></span> <span class='ocrx_word' id='word_1_281' title='bbox 821 1343 848 1365; x_wconf 89' lang='lat' dir='ltr'><strong>et</strong></span> <span class='ocrx_word' id='word_1_282' title='bbox 871 1339 979 1366; x_wconf 80' lang='lat' dir='ltr'><strong>inﬁrma</strong></span> <span class='ocrx_word' id='word_1_283' title='bbox 1001 1339 1042 1366; x_wconf 91' lang='lat' dir='ltr'><strong>in-</strong></span> 
     </span>
    </p>
   </div>
   <div class='ocr_carea' id='block_1_39' title="bbox 257 1380 1042 1420">
    <p class='ocr_par' dir='ltr' id='par_1_39' title="bbox 257 1380 1042 1420">
     <span class='ocr_line' id='line_1_39' title="bbox 257 1380 1042 1420; baseline 0.008 -14"><span class='ocrx_word' id='word_1_284' title='bbox 257 1380 416 1414; x_wconf 83' lang='lat' dir='ltr'><strong>decoraque</strong></span> <span class='ocrx_word' id='word_1_285' title='bbox 431 1381 538 1408; x_wconf 83' lang='lat' dir='ltr'><strong>verba:</strong></span> <span class='ocrx_word' id='word_1_286' title='bbox 565 1382 707 1409; x_wconf 92' lang='lat' dir='ltr'><strong>hominum</strong></span> <span class='ocrx_word' id='word_1_287' title='bbox 735 1391 800 1410; x_wconf 90' lang='lat' dir='ltr'><strong>sane</strong></span> <span class='ocrx_word' id='word_1_288' title='bbox 820 1384 865 1418; x_wconf 92' lang='lat' dir='ltr'><strong>qui</strong></span> <span class='ocrx_word' id='word_1_289' title='bbox 888 1392 941 1411; x_wconf 89' lang='lat' dir='ltr'><strong>non</strong></span> <span class='ocrx_word' id='word_1_290' title='bbox 966 1384 1042 1420; x_wconf 88' lang='lat' dir='ltr'><strong>prius</strong></span> 
     </span>
    </p>
   </div>
   <div class='ocr_carea' id='block_1_40' title="bbox 258 1426 1041 1464">
    <p class='ocr_par' dir='ltr' id='par_1_40' title="bbox 258 1426 1041 1464">
     <span class='ocr_line' id='line_1_40' title="bbox 258 1426 1041 1464; baseline 0.009 -12"><span class='ocrx_word' id='word_1_291' title='bbox 258 1426 485 1458; x_wconf 83' lang='lat' dir='ltr'><strong>animadvertere,</strong></span> <span class='ocrx_word' id='word_1_292' title='bbox 501 1427 639 1455; x_wconf 87' lang='lat' dir='ltr'><strong>Christum</strong></span> <span class='ocrx_word' id='word_1_293' title='bbox 653 1437 707 1456; x_wconf 90' lang='lat' dir='ltr'><strong>non</strong></span> <span class='ocrx_word' id='word_1_294' title='bbox 721 1429 895 1464; x_wconf 78' lang='lat' dir='ltr'><strong>singulariter</strong></span> <span class='ocrx_word' id='word_1_295' title='bbox 915 1431 978 1464; x_wconf 88' lang='lat' dir='ltr'><strong>dici,</strong></span> <span class='ocrx_word' id='word_1_296' title='bbox 994 1433 1041 1459; x_wconf 88' lang='lat' dir='ltr'><strong>sed</strong></span> 
     </span>
    </p>
   </div>
   <div class='ocr_carea' id='block_1_41' title="bbox 257 1472 1040 1509">
    <p class='ocr_par' dir='ltr' id='par_1_41' title="bbox 257 1472 1040 1509">
     <span class='ocr_line' id='line_1_41' title="bbox 257 1472 1040 1509; baseline 0.008 -11"><span class='ocrx_word' id='word_1_297' title='bbox 257 1472 286 1499; x_wconf 92' lang='lat' dir='ltr'><strong>in</strong></span> <span class='ocrx_word' id='word_1_298' title='bbox 300 1472 347 1500; x_wconf 92' lang='lat' dir='ltr'><strong>illo</strong></span> <span class='ocrx_word' id='word_1_299' title='bbox 362 1473 422 1507; x_wconf 84' lang='lat' dir='ltr'><strong>ipse</strong></span> <span class='ocrx_word' id='word_1_300' title='bbox 437 1474 547 1501; x_wconf 81' lang='lat' dir='ltr'><strong>nomine</strong></span> <span class='ocrx_word' id='word_1_301' title='bbox 563 1475 635 1509; x_wconf 88' lang='lat' dir='ltr'><strong>quod</strong></span> <span class='ocrx_word' id='word_1_302' title='bbox 660 1476 772 1503; x_wconf 90' lang='lat' dir='ltr'><strong>unicum</strong></span> <span class='ocrx_word' id='word_1_303' title='bbox 787 1481 839 1509; x_wconf 84' lang='lat' dir='ltr'><strong>est,</strong></span> <span class='ocrx_word' id='word_1_304' title='bbox 863 1485 920 1504; x_wconf 90' lang='lat' dir='ltr'><strong>rem</strong></span> <span class='ocrx_word' id='word_1_305' title='bbox 934 1482 1040 1504; x_wconf 86' lang='lat' dir='ltr'><strong>utram-</strong></span> 
     </span>
    </p>
   </div>
   <div class='ocr_carea' id='block_1_42' title="bbox 1132 741 1864 779">
    <p class='ocr_par' dir='ltr' id='par_1_42' title="bbox 1132 741 1864 779">
     <span class='ocr_line' id='line_1_42' title="bbox 1132 741 1864 779; baseline 0 -9"><span class='ocrx_word' id='word_1_306' title='bbox 1132 743 1175 770; x_wconf 79' lang='grc'><strong>15.</strong></span> <span class='ocrx_word' id='word_1_307' title='bbox 1196 742 1241 769; x_wconf 83' lang='grc' dir='ltr'><strong>Διὸ</strong></span> <span class='ocrx_word' id='word_1_308' title='bbox 1257 742 1287 768; x_wconf 80' lang='grc' dir='ltr'>οὗ</span> <span class='ocrx_word' id='word_1_309' title='bbox 1309 741 1350 768; x_wconf 87' lang='grc' dir='ltr'><strong>δεῖ</strong></span> <span class='ocrx_word' id='word_1_310' title='bbox 1365 741 1411 768; x_wconf 81' lang='grc' dir='ltr'><strong>τὸν</strong></span> <span class='ocrx_word' id='word_1_311' title='bbox 1428 741 1589 769; x_wconf 78' lang='grc' dir='ltr'>εὐσεϐοῦντα</span> <span class='ocrx_word' id='word_1_312' title='bbox 1610 742 1744 775; x_wconf 70' lang='grc' dir='ltr'><strong>τοιαύταις</strong></span> <span class='ocrx_word' id='word_1_313' title='bbox 1762 743 1864 779; x_wconf 78' lang='grc' dir='ltr'>χρῆσθαι</span> 
     </span>
    </p>
   </div>
   <div class='ocr_carea' id='block_1_43' title="bbox 1096 787 1864 824">
    <p class='ocr_par' dir='ltr' id='par_1_43' title="bbox 1096 787 1864 824">
     <span class='ocr_line' id='line_1_43' title="bbox 1096 787 1864 824; baseline 0.001 -9"><span class='ocrx_word' id='word_1_314' title='bbox 1096 789 1243 820; x_wconf 74' lang='grc' dir='ltr'>ἐπινοίαις·</span> <span class='ocrx_word' id='word_1_315' title='bbox 1261 788 1319 815; x_wconf 78' lang='grc' dir='ltr'>ἀλλ’</span> <span class='ocrx_word' id='word_1_316' title='bbox 1333 789 1374 815; x_wconf 82' lang='grc' dir='ltr'>ὅτι</span> <span class='ocrx_word' id='word_1_317' title='bbox 1389 789 1404 814; x_wconf 83' lang='grc' dir='ltr'>ὁ</span> <span class='ocrx_word' id='word_1_318' title='bbox 1420 788 1472 823; x_wconf 73' lang='grc' dir='ltr'>πρὸ</span> <span class='ocrx_word' id='word_1_319' title='bbox 1489 788 1543 815; x_wconf 91' lang='grc' dir='ltr'><strong>τῶν</strong></span> <span class='ocrx_word' id='word_1_320' title='bbox 1559 787 1664 816; x_wconf 81' lang='grc' dir='ltr'>αἰώνων</span> <span class='ocrx_word' id='word_1_321' title='bbox 1683 789 1814 824; x_wconf 72' lang='grc' dir='ltr'>ὁμοούσιος</span> <span class='ocrx_word' id='word_1_322' title='bbox 1833 789 1864 816; x_wconf 76' lang='grc' dir='ltr'><strong>ὢν</strong></span> 
     </span>
    </p>
   </div>
   <div class='ocr_carea' id='block_1_44' title="bbox 1097 833 1864 868">
    <p class='ocr_par' dir='ltr' id='par_1_44' title="bbox 1097 833 1864 868">
     <span class='ocr_line' id='line_1_44' title="bbox 1097 833 1864 868; baseline 0 -8"><span class='ocrx_word' id='word_1_323' title='bbox 1097 835 1182 868; x_wconf 82' lang='grc' dir='ltr'>Λόγος</span> <span class='ocrx_word' id='word_1_324' title='bbox 1194 833 1232 868; x_wconf 82' lang='grc' dir='ltr'>τῷ</span> <span class='ocrx_word' id='word_1_325' title='bbox 1243 833 1340 868; x_wconf 65' lang='lat' dir='ltr'><strong>Ila-rp).</strong></span> <span class='ocrx_word' id='word_1_326' title='bbox 1351 834 1394 860; x_wconf 77' lang='grc' dir='ltr'>ἐπ’</span> <span class='ocrx_word' id='word_1_327' title='bbox 1405 833 1526 868; x_wconf 81' lang='grc' dir='ltr'>ἐσχάτων</span> <span class='ocrx_word' id='word_1_328' title='bbox 1535 834 1567 859; x_wconf 82' lang='grc' dir='ltr'>ἐκ</span> <span class='ocrx_word' id='word_1_329' title='bbox 1580 833 1630 868; x_wconf 83' lang='grc' dir='ltr'>τῆς</span> <span class='ocrx_word' id='word_1_330' title='bbox 1644 834 1723 868; x_wconf 85' lang='grc' dir='ltr'>ἁγίας</span> <span class='ocrx_word' id='word_1_331' title='bbox 1733 835 1777 861; x_wconf 79' lang='grc' dir='ltr'><strong>καὶ</strong></span> <span class='ocrx_word' id='word_1_332' title='bbox 1787 834 1864 861; x_wconf 84' lang='grc' dir='ltr'>Θεοτό-</span> 
     </span>
    </p>
   </div>
   <div class='ocr_carea' id='block_1_45' title="bbox 1095 879 1863 916">
    <p class='ocr_par' dir='ltr' id='par_1_45' title="bbox 1095 879 1863 916">
     <span class='ocr_line' id='line_1_45' title="bbox 1095 879 1863 916; baseline -0.001 -9"><span class='ocrx_word' id='word_1_333' title='bbox 1095 889 1144 907; x_wconf 81' lang='grc' dir='ltr'><strong>κου</strong></span> <span class='ocrx_word' id='word_1_334' title='bbox 1158 880 1296 916; x_wconf 79' lang='grc' dir='ltr'>Παρθένου</span> <span class='ocrx_word' id='word_1_335' title='bbox 1313 880 1367 915; x_wconf 71' lang='grc'><strong>(29)</strong></span> <span class='ocrx_word' id='word_1_336' title='bbox 1379 880 1428 915; x_wconf 86' lang='grc' dir='ltr'>τὴν</span> <span class='ocrx_word' id='word_1_337' title='bbox 1440 879 1488 906; x_wconf 84' lang='grc' dir='ltr'>τοῦ</span> <span class='ocrx_word' id='word_1_338' title='bbox 1509 879 1594 915; x_wconf 80' lang='grc' dir='ltr'>Ἀδὰμ</span> <span class='ocrx_word' id='word_1_339' title='bbox 1605 879 1703 906; x_wconf 80' lang='grc' dir='ltr'><strong>πλάσιν</strong></span> <span class='ocrx_word' id='word_1_340' title='bbox 1713 881 1758 907; x_wconf 81' lang='grc' dir='ltr'><strong>καὶ</strong></span> <span class='ocrx_word' id='word_1_341' title='bbox 1770 881 1863 915; x_wconf 81' lang='grc' dir='ltr'>ποίησιν</span> 
     </span>
    </p>
   </div>
   <div class='ocr_carea' id='block_1_46' title="bbox 1094 925 1862 961">
    <p class='ocr_par' dir='ltr' id='par_1_46' title="bbox 1094 925 1862 961">
     <span class='ocr_line' id='line_1_46' title="bbox 1094 925 1862 961; baseline -0.001 -8"><span class='ocrx_word' id='word_1_342' title='bbox 1094 926 1190 961; x_wconf 85' lang='grc' dir='ltr'>καινὴν</span> <span class='ocrx_word' id='word_1_343' title='bbox 1205 926 1381 960; x_wconf 82' lang='grc' dir='ltr'>ἀνεστήσατο,</span> <span class='ocrx_word' id='word_1_344' title='bbox 1398 925 1629 960; x_wconf 82' lang='grc' dir='ltr'>ἰδιοποιησάμενος</span> <span class='ocrx_word' id='word_1_345' title='bbox 1642 926 1702 952; x_wconf 83' lang='grc' dir='ltr'>καθ’</span> <span class='ocrx_word' id='word_1_346' title='bbox 1713 926 1812 952; x_wconf 81' lang='grc' dir='ltr'>ἐνωσιν·</span> <span class='ocrx_word' id='word_1_347' title='bbox 1823 927 1862 952; x_wconf 70' lang='grc' dir='ltr'>καὶ</span> 
     </span>
    </p>
   </div>
   <div class='ocr_carea' id='block_1_47' title="bbox 1093 970 1861 1007">
    <p class='ocr_par' dir='ltr' id='par_1_47' title="bbox 1093 970 1861 1007">
     <span class='ocr_line' id='line_1_47' title="bbox 1093 970 1861 1007; baseline 0.001 -10"><span class='ocrx_word' id='word_1_348' title='bbox 1093 971 1179 1002; x_wconf 75' lang='grc' dir='ltr'>οὔτως</span> <span class='ocrx_word' id='word_1_349' title='bbox 1204 970 1282 1006; x_wconf 72' lang='grc' dir='ltr'>ᾣφθη</span> <span class='ocrx_word' id='word_1_350' title='bbox 1306 970 1447 1005; x_wconf 83' lang='grc' dir='ltr'>ἄνθρωπος</span> <span class='ocrx_word' id='word_1_351' title='bbox 1469 972 1483 997; x_wconf 88' lang='grc' dir='ltr'>ὁ</span> <span class='ocrx_word' id='word_1_352' title='bbox 1501 971 1636 1006; x_wconf 81' lang='grc' dir='ltr'>Χριστὸς,</span> <span class='ocrx_word' id='word_1_353' title='bbox 1659 973 1673 998; x_wconf 84' lang='grc' dir='ltr'>ὁ</span> <span class='ocrx_word' id='word_1_354' title='bbox 1699 972 1751 1007; x_wconf 81' lang='grc' dir='ltr'>πρὸ</span> <span class='ocrx_word' id='word_1_355' title='bbox 1772 971 1861 998; x_wconf 78' lang='grc' dir='ltr'>αἰώνων</span> 
     </span>
    </p>
   </div>
   <div class='ocr_carea' id='block_1_48' title="bbox 1093 1016 1859 1052">
    <p class='ocr_par' dir='ltr' id='par_1_48' title="bbox 1093 1016 1859 1052">
     <span class='ocr_line' id='line_1_48' title="bbox 1093 1016 1859 1052; baseline 0 -9"><span class='ocrx_word' id='word_1_356' title='bbox 1093 1016 1168 1048; x_wconf 83' lang='grc' dir='ltr'>Θεός.</span> <span class='ocrx_word' id='word_1_357' title='bbox 1188 1016 1241 1042; x_wconf 82' lang='grc' dir='ltr'>Καί</span> <span class='ocrx_word' id='word_1_358' title='bbox 1257 1016 1339 1051; x_wconf 87' lang='grc' dir='ltr'>ἐσμεν</span> <span class='ocrx_word' id='word_1_359' title='bbox 1351 1016 1431 1051; x_wconf 83' lang='grc' dir='ltr'>ἡμεῖς</span> <span class='ocrx_word' id='word_1_360' title='bbox 1445 1016 1511 1051; x_wconf 82' lang='grc' dir='ltr'><strong>μέλη</strong></span> <span class='ocrx_word' id='word_1_361' title='bbox 1526 1017 1656 1052; x_wconf 81' lang='grc' dir='ltr'><strong>Χριστοῦ,</strong></span> <span class='ocrx_word' id='word_1_362' title='bbox 1668 1017 1705 1048; x_wconf 80' lang='grc' dir='ltr'>ὡς</span> <span class='ocrx_word' id='word_1_363' title='bbox 1715 1017 1859 1052; x_wconf 83' lang='grc' dir='ltr'>γέγραπται,</span> 
     </span>
    </p>
   </div>
   <div class='ocr_carea' id='block_1_49' title="bbox 1093 1062 1859 1098">
    <p class='ocr_par' dir='ltr' id='par_1_49' title="bbox 1093 1062 1859 1098">
     <span class='ocr_line' id='line_1_49' title="bbox 1093 1062 1859 1098; baseline -0.001 -9"><span class='ocrx_word' id='word_1_364' title='bbox 1093 1064 1125 1090; x_wconf 81' lang='grc' dir='ltr'>ἐκ</span> <span class='ocrx_word' id='word_1_365' title='bbox 1144 1064 1192 1098; x_wconf 87' lang='grc' dir='ltr'>τῆς</span> <span class='ocrx_word' id='word_1_366' title='bbox 1209 1062 1309 1097; x_wconf 74' lang='grc' dir='ltr'>σαρκὸς</span> <span class='ocrx_word' id='word_1_367' title='bbox 1325 1062 1407 1088; x_wconf 82' lang='grc' dir='ltr'>αὑτοῦ</span> <span class='ocrx_word' id='word_1_368' title='bbox 1423 1063 1470 1089; x_wconf 71' lang='grc' dir='ltr'><strong>καὶ</strong></span> <span class='ocrx_word' id='word_1_369' title='bbox 1487 1063 1520 1089; x_wconf 85' lang='grc' dir='ltr'><strong>ὲκ</strong></span> <span class='ocrx_word' id='word_1_370' title='bbox 1535 1063 1589 1089; x_wconf 88' lang='grc' dir='ltr'><strong>τῶν</strong></span> <span class='ocrx_word' id='word_1_371' title='bbox 1603 1063 1704 1092; x_wconf 82' lang='grc' dir='ltr'><strong>ὀστέων</strong></span> <span class='ocrx_word' id='word_1_372' title='bbox 1719 1063 1804 1090; x_wconf 77' lang='grc' dir='ltr'>αὐτοῦ.</span> <span class='ocrx_word' id='word_1_373' title='bbox 1821 1063 1859 1094; x_wconf 79' lang='grc' dir='ltr'><strong>Τίς</strong></span> 
     </span>
    </p>
   </div>
   <div class='ocr_carea' id='block_1_50' title="bbox 1092 1105 1859 1143">
    <p class='ocr_par' dir='ltr' id='par_1_50' title="bbox 1092 1105 1859 1143">
     <span class='ocr_line' id='line_1_50' title="bbox 1092 1105 1859 1143; baseline 0.003 -11"><span class='ocrx_word' id='word_1_374' title='bbox 1092 1105 1138 1133; x_wconf 73' lang='grc' dir='ltr'>οὖν</span> <span class='ocrx_word' id='word_1_375' title='bbox 1149 1108 1164 1142; x_wconf 81' lang='grc' dir='ltr'>ὴ</span> <span class='ocrx_word' id='word_1_376' title='bbox 1178 1107 1295 1141; x_wconf 83' lang='grc' dir='ltr'>τοσαύτη</span> <span class='ocrx_word' id='word_1_377' title='bbox 1307 1107 1321 1132; x_wconf 83' lang='grc' dir='ltr'>ὑ</span> <span class='ocrx_word' id='word_1_378' title='bbox 1326 1106 1383 1141; x_wconf 91' lang='grc' dir='ltr'><strong>μῶν</strong></span> <span class='ocrx_word' id='word_1_379' title='bbox 1398 1106 1546 1141; x_wconf 80' lang='grc' dir='ltr'>φιλονεικία</span> <span class='ocrx_word' id='word_1_380' title='bbox 1553 1107 1606 1133; x_wconf 85' lang='grc' dir='ltr'><strong>τῶν</strong></span> <span class='ocrx_word' id='word_1_381' title='bbox 1617 1108 1792 1143; x_wconf 75' lang='grc' dir='ltr'>ἐφευρέσεων,</span> <span class='ocrx_word' id='word_1_382' title='bbox 1802 1107 1859 1134; x_wconf 80' lang='grc' dir='ltr'>ὥστε</span> 
     </span>
    </p>
   </div>
   <div class='ocr_carea' id='block_1_51' title="bbox 1093 1152 1859 1189">
    <p class='ocr_par' dir='ltr' id='par_1_51' title="bbox 1093 1152 1859 1189">
     <span class='ocr_line' id='line_1_51' title="bbox 1093 1152 1859 1189; baseline 0.001 -10"><span class='ocrx_word' id='word_1_383' title='bbox 1093 1152 1249 1188; x_wconf 78' lang='grc' dir='ltr'><strong>ἀνθρωπίνῃ</strong></span> <span class='ocrx_word' id='word_1_384' title='bbox 1271 1152 1401 1188; x_wconf 83' lang='grc' dir='ltr'>φρονήσει</span> <span class='ocrx_word' id='word_1_385' title='bbox 1423 1153 1493 1188; x_wconf 82' lang='grc' dir='ltr'>ὑπὲρ</span> <span class='ocrx_word' id='word_1_386' title='bbox 1516 1152 1564 1188; x_wconf 88' lang='grc' dir='ltr'>τὴν</span> <span class='ocrx_word' id='word_1_387' title='bbox 1591 1153 1762 1189; x_wconf 78' lang='grc' dir='ltr'>ἀνθρωπίνην</span> <span class='ocrx_word' id='word_1_388' title='bbox 1782 1154 1859 1188; x_wconf 73' lang='grc' dir='ltr'>νόησιν</span> 
     </span>
    </p>
   </div>
   <div class='ocr_carea' id='block_1_52' title="bbox 1092 1197 1859 1235">
    <p class='ocr_par' dir='ltr' id='par_1_52' title="bbox 1092 1197 1859 1235">
     <span class='ocr_line' id='line_1_52' title="bbox 1092 1197 1859 1235; baseline 0.001 -11"><span class='ocrx_word' id='word_1_389' title='bbox 1092 1197 1245 1234; x_wconf 77' lang='grc' dir='ltr'>ὁρίζεσθαι,</span> <span class='ocrx_word' id='word_1_390' title='bbox 1261 1198 1401 1232; x_wconf 83' lang='grc' dir='ltr'>λέγοντες·</span> <span class='ocrx_word' id='word_1_391' title='bbox 1425 1199 1496 1225; x_wconf 78' lang='grc' dir='ltr'>Ἀντὶ</span> <span class='ocrx_word' id='word_1_392' title='bbox 1514 1199 1560 1225; x_wconf 80' lang='grc' dir='ltr'><strong>τοῦ</strong></span> <span class='ocrx_word' id='word_1_393' title='bbox 1577 1199 1678 1226; x_wconf 73' lang='grc' dir='ltr'>ἔσωθεν</span> <span class='ocrx_word' id='word_1_394' title='bbox 1695 1201 1722 1226; x_wconf 88' lang='grc' dir='ltr'><strong>ἐν</strong></span> <span class='ocrx_word' id='word_1_395' title='bbox 1738 1200 1790 1235; x_wconf 77' lang='grc'><strong>(50)</strong></span> <span class='ocrx_word' id='word_1_396' title='bbox 1806 1201 1859 1235; x_wconf 81' lang='grc' dir='ltr'>ἡμῖν</span> 
     </span>
    </p>
   </div>
   <div class='ocr_carea' id='block_1_53' title="bbox 1092 1244 1859 1281">
    <p class='ocr_par' dir='ltr' id='par_1_53' title="bbox 1092 1244 1859 1281">
     <span class='ocr_line' id='line_1_53' title="bbox 1092 1244 1859 1281; baseline 0.003 -11"><span class='ocrx_word' id='word_1_397' title='bbox 1092 1244 1234 1280; x_wconf 81' lang='grc' dir='ltr'>ἀνθρώπου</span> <span class='ocrx_word' id='word_1_398' title='bbox 1249 1244 1310 1276; x_wconf 86' lang='grc' dir='ltr'>νοῦς</span> <span class='ocrx_word' id='word_1_399' title='bbox 1325 1245 1483 1280; x_wconf 80' lang='grc' dir='ltr'>ἐπουράνιος</span> <span class='ocrx_word' id='word_1_400' title='bbox 1499 1245 1528 1272; x_wconf 82' lang='grc' dir='ltr'><strong>ἐν</strong></span> <span class='ocrx_word' id='word_1_401' title='bbox 1548 1246 1677 1281; x_wconf 84' lang='grc' dir='ltr'>Χριστῷ;</span> <span class='ocrx_word' id='word_1_402' title='bbox 1694 1247 1725 1272; x_wconf 86' lang='grc' dir='ltr'><strong>Ὢ</strong></span> <span class='ocrx_word' id='word_1_403' title='bbox 1747 1247 1792 1281; x_wconf 83' lang='grc' dir='ltr'>τῆς</span> <span class='ocrx_word' id='word_1_404' title='bbox 1808 1246 1859 1273; x_wconf 83' lang='grc' dir='ltr'>ἀθέ-</span> 
     </span>
    </p>
   </div>
   <div class='ocr_carea' id='block_1_54' title="bbox 1094 1290 1859 1327">
    <p class='ocr_par' dir='ltr' id='par_1_54' title="bbox 1094 1290 1859 1327">
     <span class='ocr_line' id='line_1_54' title="bbox 1094 1290 1859 1327; baseline 0 -10"><span class='ocrx_word' id='word_1_405' title='bbox 1094 1298 1162 1325; x_wconf 74' lang='grc' dir='ltr'>σμου</span> <span class='ocrx_word' id='word_1_406' title='bbox 1179 1290 1301 1325; x_wconf 80' lang='grc' dir='ltr'>γνώμης,</span> <span class='ocrx_word' id='word_1_407' title='bbox 1321 1290 1427 1317; x_wconf 75' lang='grc' dir='ltr'>καὶτῶν</span> <span class='ocrx_word' id='word_1_408' title='bbox 1443 1290 1563 1318; x_wconf 82' lang='grc' dir='ltr'>ἀσθενῶν</span> <span class='ocrx_word' id='word_1_409' title='bbox 1582 1292 1629 1318; x_wconf 78' lang='grc' dir='ltr'>καὶ</span> <span class='ocrx_word' id='word_1_410' title='bbox 1643 1291 1859 1327; x_wconf 76' lang='grc' dir='ltr'>ἀπρεπῶν-ῥημά-</span> 
     </span>
    </p>
   </div>
   <div class='ocr_carea' id='block_1_55' title="bbox 1092 1335 1859 1375">
    <p class='ocr_par' dir='ltr' id='par_1_55' title="bbox 1092 1335 1859 1375">
     <span class='ocr_line' id='line_1_55' title="bbox 1092 1335 1859 1375; baseline 0.001 -14"><span class='ocrx_word' id='word_1_411' title='bbox 1092 1345 1155 1368; x_wconf 86' lang='grc' dir='ltr'>των,</span> <span class='ocrx_word' id='word_1_412' title='bbox 1176 1335 1230 1361; x_wconf 81' lang='grc' dir='ltr'><strong>τῶν</strong></span> <span class='ocrx_word' id='word_1_413' title='bbox 1247 1336 1284 1371; x_wconf 87' lang='grc' dir='ltr'>μὴ</span> <span class='ocrx_word' id='word_1_414' title='bbox 1305 1335 1435 1362; x_wconf 80' lang='grc' dir='ltr'>νοούντων</span> <span class='ocrx_word' id='word_1_415' title='bbox 1461 1336 1567 1372; x_wconf 84' lang='grc' dir='ltr'>πρῶτον</span> <span class='ocrx_word' id='word_1_416' title='bbox 1590 1337 1684 1369; x_wconf 83' lang='grc' dir='ltr'>τοῦτο,</span> <span class='ocrx_word' id='word_1_417' title='bbox 1700 1339 1738 1364; x_wconf 79' lang='grc' dir='ltr'>ὅτι</span> <span class='ocrx_word' id='word_1_418' title='bbox 1758 1337 1859 1375; x_wconf 64' lang='grc' dir='ltr'>Χριστὸς</span> 
     </span>
    </p>
   </div>
   <div class='ocr_carea' id='block_1_56' title="bbox 1094 1381 1858 1418">
    <p class='ocr_par' dir='ltr' id='par_1_56' title="bbox 1094 1381 1858 1418">
     <span class='ocr_line' id='line_1_56' title="bbox 1094 1381 1858 1418; baseline -0.001 -10"><span class='ocrx_word' id='word_1_419' title='bbox 1094 1382 1266 1417; x_wconf 80' lang='grc' dir='ltr'>μονοτρόπως</span> <span class='ocrx_word' id='word_1_420' title='bbox 1282 1382 1312 1408; x_wconf 72' lang='grc' dir='ltr'>οὐ</span> <span class='ocrx_word' id='word_1_421' title='bbox 1333 1381 1455 1415; x_wconf 85' lang='grc' dir='ltr'>λέγεται,</span> <span class='ocrx_word' id='word_1_422' title='bbox 1479 1381 1536 1408; x_wconf 80' lang='grc' dir='ltr'>ἀλλ’</span> <span class='ocrx_word' id='word_1_423' title='bbox 1562 1383 1590 1408; x_wconf 83' lang='grc' dir='ltr'><strong>ἐν</strong></span> <span class='ocrx_word' id='word_1_424' title='bbox 1610 1383 1685 1418; x_wconf 78' lang='grc' dir='ltr'>αὐτῷ</span> <span class='ocrx_word' id='word_1_425' title='bbox 1707 1383 1745 1418; x_wconf 87' lang='grc' dir='ltr'>τῷ</span> <span class='ocrx_word' id='word_1_426' title='bbox 1763 1383 1858 1418; x_wconf 80' lang='grc' dir='ltr'>ὀνόματι</span> 
     </span>
    </p>
   </div>
   <div class='ocr_carea' id='block_1_57' title="bbox 1092 1427 1866 1463">
    <p class='ocr_par' dir='ltr' id='par_1_57' title="bbox 1092 1427 1866 1463">
     <span class='ocr_line' id='line_1_57' title="bbox 1092 1427 1866 1463; baseline 0.001 -10"><span class='ocrx_word' id='word_1_427' title='bbox 1092 1427 1132 1453; x_wconf 78' lang='grc' dir='ltr'><strong>ἐνὶ</strong></span> <span class='ocrx_word' id='word_1_428' title='bbox 1141 1427 1196 1454; x_wconf 77' lang='grc' dir='ltr'>ὄντι</span> <span class='ocrx_word' id='word_1_429' title='bbox 1208 1428 1344 1462; x_wconf 75' lang='grc' dir='ltr'>ἑκατέρων</span> <span class='ocrx_word' id='word_1_430' title='bbox 1354 1427 1407 1454; x_wconf 89' lang='grc' dir='ltr'><strong>τῶν</strong></span> <span class='ocrx_word' id='word_1_431' title='bbox 1419 1428 1586 1463; x_wconf 81' lang='grc' dir='ltr'>πραγμάτων</span> <span class='ocrx_word' id='word_1_432' title='bbox 1596 1428 1731 1456; x_wconf 78' lang='grc' dir='ltr'>δείκνυται</span> <span class='ocrx_word' id='word_1_433' title='bbox 1743 1428 1866 1463; x_wconf 64' lang='grc' dir='ltr'>σημαία,-</span> 
     </span>
    </p>
   </div>
   <div class='ocr_carea' id='block_1_58' title="bbox 1092 1473 1858 1510">
    <p class='ocr_par' dir='ltr' id='par_1_58' title="bbox 1092 1473 1858 1510">
     <span class='ocr_line' id='line_1_58' title="bbox 1092 1473 1858 1510; baseline 0 -10"><span class='ocrx_word' id='word_1_434' title='bbox 1092 1473 1216 1508; x_wconf 86' lang='grc' dir='ltr'>θεότητός</span> <span class='ocrx_word' id='word_1_435' title='bbox 1229 1482 1259 1500; x_wconf 83' lang='grc' dir='ltr'><strong>τε</strong></span> <span class='ocrx_word' id='word_1_436' title='bbox 1271 1474 1324 1508; x_wconf 83' lang='grc'><strong>(51)</strong></span> <span class='ocrx_word' id='word_1_437' title='bbox 1336 1474 1383 1500; x_wconf 74' lang='grc' dir='ltr'><strong>καὶ</strong></span> <span class='ocrx_word' id='word_1_438' title='bbox 1395 1473 1610 1509; x_wconf 79' lang='grc' dir='ltr'>ἀνθρωπότητος.</span> <span class='ocrx_word' id='word_1_439' title='bbox 1625 1475 1671 1501; x_wconf 84' lang='grc' dir='ltr'>Διὺ</span> <span class='ocrx_word' id='word_1_440' title='bbox 1681 1476 1726 1502; x_wconf 71' lang='grc' dir='ltr'>καὶ</span> <span class='ocrx_word' id='word_1_441' title='bbox 1735 1474 1858 1510; x_wconf 77' lang='grc' dir='ltr'>ἄνθρωπος</span> 
     </span>
    </p>
   </div>
   <div class='ocr_carea' id='block_1_59' title="bbox 257 1518 1040 1557">
    <p class='ocr_par' dir='ltr' id='par_1_59' title="bbox 257 1518 1038 1557">
     <span class='ocr_line' id='line_1_59' title="bbox 257 1518 1038 1557; baseline 0.009 -14"><span class='ocrx_word' id='word_1_442' title='bbox 257 1525 311 1552; x_wconf 91' lang='lat' dir='ltr'><strong>que</strong></span> <span class='ocrx_word' id='word_1_443' title='bbox 327 1518 487 1553; x_wconf 75' lang='lat' dir='ltr'><strong>signiﬁcari,</strong></span> <span class='ocrx_word' id='word_1_444' title='bbox 502 1520 671 1548; x_wconf 88' lang='lat' dir='ltr'><strong>divinitatem</strong></span> <span class='ocrx_word' id='word_1_445' title='bbox 683 1529 780 1557; x_wconf 87' lang='lat' dir='ltr'><strong>nempe</strong></span> <span class='ocrx_word' id='word_1_446' title='bbox 791 1526 818 1549; x_wconf 87' lang='lat' dir='ltr'><strong>et</strong></span> <span class='ocrx_word' id='word_1_447' title='bbox 830 1522 1038 1550; x_wconf 87' lang='lat' dir='ltr'><strong>humanitatem.</strong></span> 
     </span>
    </p>
   </div>
   <div class='ocr_carea' id='block_1_60' title="bbox 1092 1518 1858 1557">
    <p class='ocr_par' dir='ltr' id='par_1_60' title="bbox 1092 1519 1858 1555">
     <span class='ocr_line' id='line_1_60' title="bbox 1092 1519 1858 1555; baseline -0.001 -9"><span class='ocrx_word' id='word_1_448' title='bbox 1092 1520 1198 1554; x_wconf 86' lang='grc' dir='ltr'>λέγεται</span> <span class='ocrx_word' id='word_1_449' title='bbox 1212 1520 1226 1546; x_wconf 87' lang='grc' dir='ltr'>ὁ</span> <span class='ocrx_word' id='word_1_450' title='bbox 1244 1519 1375 1555; x_wconf 79' lang='grc' dir='ltr'>Χριστὸς,</span> <span class='ocrx_word' id='word_1_451' title='bbox 1390 1519 1438 1546; x_wconf 72' lang='grc' dir='ltr'><strong>καὶ</strong></span> <span class='ocrx_word' id='word_1_452' title='bbox 1452 1519 1517 1551; x_wconf 82' lang='grc' dir='ltr'>θεὸς</span> <span class='ocrx_word' id='word_1_453' title='bbox 1531 1519 1641 1553; x_wconf 85' lang='grc' dir='ltr'>λέγεται</span> <span class='ocrx_word' id='word_1_454' title='bbox 1656 1521 1670 1546; x_wconf 84' lang='grc' dir='ltr'>ὁ</span> <span class='ocrx_word' id='word_1_455' title='bbox 1683 1520 1807 1555; x_wconf 81' lang='grc' dir='ltr'>Χριστὸς,</span> <span class='ocrx_word' id='word_1_456' title='bbox 1820 1519 1858 1546; x_wconf 72' lang='grc' dir='ltr'><strong>καὶ</strong></span> 
     </span>
    </p>
   </div>
   <div class='ocr_carea' id='block_1_61' title="bbox 257 1562 1041 1604">
    <p class='ocr_par' dir='ltr' id='par_1_61' title="bbox 257 1562 1041 1604">
     <span class='ocr_line' id='line_1_61' title="bbox 257 1562 1041 1604; baseline 0.01 -15"><span class='ocrx_word' id='word_1_457' title='bbox 257 1562 375 1598; x_wconf 83' lang='lat' dir='ltr'><strong>Ideoque</strong></span> <span class='ocrx_word' id='word_1_458' title='bbox 391 1565 474 1593; x_wconf 88' lang='lat' dir='ltr'><strong>homo</strong></span> <span class='ocrx_word' id='word_1_459' title='bbox 487 1565 587 1593; x_wconf 87' lang='lat' dir='ltr'><strong>dicitur</strong></span> <span class='ocrx_word' id='word_1_460' title='bbox 605 1566 741 1601; x_wconf 86' lang='lat' dir='ltr'><strong>Christus,</strong></span> <span class='ocrx_word' id='word_1_461' title='bbox 764 1567 836 1595; x_wconf 89' lang='lat' dir='ltr'><strong>Deus</strong></span> <span class='ocrx_word' id='word_1_462' title='bbox 861 1576 970 1604; x_wconf 88' lang='lat' dir='ltr'><strong>quoque</strong></span> <span class='ocrx_word' id='word_1_463' title='bbox 999 1569 1041 1597; x_wconf 91' lang='lat' dir='ltr'><strong>di-</strong></span> 
     </span>
    </p>
   </div>
   <div class='ocr_carea' id='block_1_62' title="bbox 257 1610 1041 1647">
    <p class='ocr_par' dir='ltr' id='par_1_62' title="bbox 257 1610 1041 1647">
     <span class='ocr_line' id='line_1_62' title="bbox 257 1610 1041 1647; baseline 0.006 -10"><span class='ocrx_word' id='word_1_464' title='bbox 257 1611 331 1637; x_wconf 86' lang='lat' dir='ltr'><strong>citur</strong></span> <span class='ocrx_word' id='word_1_465' title='bbox 353 1610 492 1644; x_wconf 87' lang='lat' dir='ltr'><strong>Christus,</strong></span> <span class='ocrx_word' id='word_1_466' title='bbox 513 1619 545 1639; x_wconf 87' lang='lat' dir='ltr'><strong>ac</strong></span> <span class='ocrx_word' id='word_1_467' title='bbox 563 1612 636 1640; x_wconf 87' lang='lat' dir='ltr'><strong>Deus</strong></span> <span class='ocrx_word' id='word_1_468' title='bbox 652 1618 679 1640; x_wconf 91' lang='lat' dir='ltr'><strong>et</strong></span> <span class='ocrx_word' id='word_1_469' title='bbox 696 1614 777 1642; x_wconf 89' lang='lat' dir='ltr'><strong>homo</strong></span> <span class='ocrx_word' id='word_1_470' title='bbox 799 1618 842 1642; x_wconf 82' lang='lat' dir='ltr'><strong>est</strong></span> <span class='ocrx_word' id='word_1_471' title='bbox 863 1614 1000 1647; x_wconf 84' lang='lat' dir='ltr'><strong>Christus,</strong></span> <span class='ocrx_word' id='word_1_472' title='bbox 1014 1619 1041 1642; x_wconf 90' lang='lat' dir='ltr'><strong>et</strong></span> 
     </span>
    </p>
   </div>
   <div class='ocr_carea' id='block_1_63' title="bbox 259 1657 1041 1694">
    <p class='ocr_par' dir='ltr' id='par_1_63' title="bbox 259 1657 1041 1694">
     <span class='ocr_line' id='line_1_63' title="bbox 259 1657 1041 1694; baseline 0.008 -12"><span class='ocrx_word' id='word_1_473' title='bbox 259 1663 332 1683; x_wconf 89' lang='lat' dir='ltr'><strong>unus</strong></span> <span class='ocrx_word' id='word_1_474' title='bbox 345 1661 388 1683; x_wconf 86' lang='lat' dir='ltr'><strong>est</strong></span> <span class='ocrx_word' id='word_1_475' title='bbox 403 1657 540 1685; x_wconf 86' lang='lat' dir='ltr'><strong>Christus.</strong></span> <span class='ocrx_word' id='word_1_476' title='bbox 563 1657 670 1685; x_wconf 89' lang='lat' dir='ltr'><strong>Vanum</strong></span> <span class='ocrx_word' id='word_1_477' title='bbox 683 1659 775 1694; x_wconf 88' lang='lat' dir='ltr'><strong>itaque</strong></span> <span class='ocrx_word' id='word_1_478' title='bbox 797 1664 839 1687; x_wconf 88' lang='lat' dir='ltr'><strong>est</strong></span> <span class='ocrx_word' id='word_1_479' title='bbox 860 1665 979 1688; x_wconf 81' lang='lat' dir='ltr'><strong>vestrum</strong></span> <span class='ocrx_word' id='word_1_480' title='bbox 996 1668 1041 1688; x_wconf 91' lang='lat' dir='ltr'><strong>so-</strong></span> 
     </span>
    </p>
   </div>
   <div class='ocr_carea' id='block_1_64' title="bbox 258 1700 1041 1740">
    <p class='ocr_par' dir='ltr' id='par_1_64' title="bbox 258 1700 1041 1740">
     <span class='ocr_line' id='line_1_64' title="bbox 258 1700 1041 1740; baseline 0.008 -13"><span class='ocrx_word' id='word_1_481' title='bbox 258 1700 377 1735; x_wconf 87' lang='lat' dir='ltr'><strong>phisma,</strong></span> <span class='ocrx_word' id='word_1_482' title='bbox 393 1709 448 1736; x_wconf 90' lang='lat' dir='ltr'><strong>quo</strong></span> <span class='ocrx_word' id='word_1_483' title='bbox 474 1703 546 1730; x_wconf 84' lang='lat' dir='ltr'><strong>aliud</strong></span> <span class='ocrx_word' id='word_1_484' title='bbox 567 1704 594 1730; x_wconf 95' lang='lat' dir='ltr'><strong>in</strong></span> <span class='ocrx_word' id='word_1_485' title='bbox 613 1704 724 1732; x_wconf 82' lang='lat' dir='ltr'><strong>Christo</strong></span> <span class='ocrx_word' id='word_1_486' title='bbox 748 1710 844 1740; x_wconf 67' lang='lat' dir='ltr'><strong>prazter</strong></span> <span class='ocrx_word' id='word_1_487' title='bbox 858 1706 947 1740; x_wconf 91' lang='lat' dir='ltr'><strong>ipsum</strong></span> <span class='ocrx_word' id='word_1_488' title='bbox 963 1706 1041 1733; x_wconf 91' lang='lat' dir='ltr'><strong>Chri-</strong></span> 
     </span>
    </p>
   </div>
   <div class='ocr_carea' id='block_1_65' title="bbox 258 1747 1041 1786">
    <p class='ocr_par' dir='ltr' id='par_1_65' title="bbox 258 1747 1041 1786">
     <span class='ocr_line' id='line_1_65' title="bbox 258 1747 1041 1786; baseline 0.01 -14"><span class='ocrx_word' id='word_1_489' title='bbox 258 1751 330 1773; x_wconf 91' lang='lat' dir='ltr'><strong>stum</strong></span> <span class='ocrx_word' id='word_1_490' title='bbox 346 1747 504 1782; x_wconf 86' lang='lat' dir='ltr'><strong>conspicere</strong></span> <span class='ocrx_word' id='word_1_491' title='bbox 522 1749 651 1777; x_wconf 91' lang='lat' dir='ltr'><strong>nitimini.</strong></span> <span class='ocrx_word' id='word_1_492' title='bbox 666 1750 706 1776; x_wconf 88' lang='lat' dir='ltr'><strong>illi</strong></span> <span class='ocrx_word' id='word_1_493' title='bbox 721 1751 831 1785; x_wconf 86' lang='lat' dir='ltr'><strong>quidem</strong></span> <span class='ocrx_word' id='word_1_494' title='bbox 856 1752 903 1786; x_wconf 88' lang='lat' dir='ltr'><strong>qui</strong></span> <span class='ocrx_word' id='word_1_495' title='bbox 929 1752 1041 1780; x_wconf 83' lang='lat' dir='ltr'><strong>abusive</strong></span> 
     </span>
    </p>
   </div>
   <div class='ocr_carea' id='block_1_66' title="bbox 259 1791 1040 1829">
    <p class='ocr_par' dir='ltr' id='par_1_66' title="bbox 259 1791 1040 1829">
     <span class='ocr_line' id='line_1_66' title="bbox 259 1791 1040 1829; baseline 0.009 -12"><span class='ocrx_word' id='word_1_496' title='bbox 259 1791 389 1818; x_wconf 89' lang='lat' dir='ltr'><strong>dicuntur</strong></span> <span class='ocrx_word' id='word_1_497' title='bbox 409 1792 521 1827; x_wconf 81' lang='lat' dir='ltr'><strong>Christi,</strong></span> <span class='ocrx_word' id='word_1_498' title='bbox 539 1793 616 1826; x_wconf 82' lang='lat' dir='ltr'><strong>forte,</strong></span> <span class='ocrx_word' id='word_1_499' title='bbox 638 1794 716 1829; x_wconf 78' lang='lat' dir='ltr'><strong>juxta</strong></span> <span class='ocrx_word' id='word_1_500' title='bbox 738 1797 900 1823; x_wconf 83' lang='lat' dir='ltr'><strong>sententiam</strong></span> <span class='ocrx_word' id='word_1_501' title='bbox 921 1801 1040 1824; x_wconf 86' lang='lat' dir='ltr'><strong>vestram</strong></span> 
     </span>
    </p>
   </div>
   <div class='ocr_carea' id='block_1_67' title="bbox 258 1838 1040 1875">
    <p class='ocr_par' dir='ltr' id='par_1_67' title="bbox 258 1838 1040 1875">
     <span class='ocr_line' id='line_1_67' title="bbox 258 1838 1040 1875; baseline 0.01 -13"><span class='ocrx_word' id='word_1_502' title='bbox 258 1838 377 1870; x_wconf 84' lang='lat' dir='ltr'><strong>spectari</strong></span> <span class='ocrx_word' id='word_1_503' title='bbox 395 1844 523 1872; x_wconf 87' lang='lat' dir='ltr'><strong>possent:</strong></span> <span class='ocrx_word' id='word_1_504' title='bbox 541 1840 589 1874; x_wconf 90' lang='lat' dir='ltr'><strong>qui</strong></span> <span class='ocrx_word' id='word_1_505' title='bbox 604 1847 668 1868; x_wconf 88' lang='lat' dir='ltr'><strong>vero</strong></span> <span class='ocrx_word' id='word_1_506' title='bbox 683 1848 731 1875; x_wconf 89' lang='lat' dir='ltr'><strong>per</strong></span> <span class='ocrx_word' id='word_1_507' title='bbox 747 1845 872 1868; x_wconf 90' lang='lat' dir='ltr'><strong>naturam</strong></span> <span class='ocrx_word' id='word_1_508' title='bbox 895 1842 972 1869; x_wconf 86' lang='lat' dir='ltr'><strong>solus</strong></span> <span class='ocrx_word' id='word_1_509' title='bbox 994 1850 1040 1869; x_wconf 91' lang='lat' dir='ltr'><strong>ve-</strong></span> 
     </span>
    </p>
   </div>
   <div class='ocr_carea' id='block_1_68' title="bbox 258 1882 1041 1916">
    <p class='ocr_par' dir='ltr' id='par_1_68' title="bbox 258 1882 1041 1916">
     <span class='ocr_line' id='line_1_68' title="bbox 258 1882 1041 1916; baseline 0.009 -9"><span class='ocrx_word' id='word_1_510' title='bbox 258 1887 306 1908; x_wconf 85' lang='lat' dir='ltr'><strong>rus</strong></span> <span class='ocrx_word' id='word_1_511' title='bbox 327 1886 369 1908; x_wconf 89' lang='lat' dir='ltr'><strong>est</strong></span> <span class='ocrx_word' id='word_1_512' title='bbox 384 1882 521 1916; x_wconf 86' lang='lat' dir='ltr'><strong>Christus,</strong></span> <span class='ocrx_word' id='word_1_513' title='bbox 546 1892 600 1911; x_wconf 92' lang='lat' dir='ltr'><strong>non</strong></span> <span class='ocrx_word' id='word_1_514' title='bbox 628 1885 663 1912; x_wconf 87' lang='lat' dir='ltr'><strong>ab</strong></span> <span class='ocrx_word' id='word_1_515' title='bbox 687 1885 807 1913; x_wconf 85' lang='lat' dir='ltr'><strong>humana</strong></span> <span class='ocrx_word' id='word_1_516' title='bbox 821 1886 926 1914; x_wconf 83' lang='lat' dir='ltr'><strong>ratione</strong></span> <span class='ocrx_word' id='word_1_517' title='bbox 939 1887 1041 1914; x_wconf 88' lang='lat' dir='ltr'><strong>descri-</strong></span> 
     </span>
    </p>
   </div>
   <div class='ocr_carea' id='block_1_69' title="bbox 257 1927 1041 1964">
    <p class='ocr_par' dir='ltr' id='par_1_69' title="bbox 257 1927 1041 1964">
     <span class='ocr_line' id='line_1_69' title="bbox 257 1927 1041 1964; baseline 0.009 -11"><span class='ocrx_word' id='word_1_518' title='bbox 257 1927 347 1958; x_wconf 81' lang='lat' dir='ltr'><strong>betur.</strong></span> <span class='ocrx_word' id='word_1_519' title='bbox 364 1929 436 1963; x_wconf 90' lang='lat' dir='ltr'><strong>quod</strong></span> <span class='ocrx_word' id='word_1_520' title='bbox 452 1937 500 1957; x_wconf 84' lang='lat' dir='ltr'><strong>vos</strong></span> <span class='ocrx_word' id='word_1_521' title='bbox 513 1935 614 1958; x_wconf 88' lang='lat' dir='ltr'><strong>temere</strong></span> <span class='ocrx_word' id='word_1_522' title='bbox 629 1932 750 1964; x_wconf 89' lang='lat' dir='ltr'><strong>tentatis,</strong></span> <span class='ocrx_word' id='word_1_523' title='bbox 765 1931 890 1959; x_wconf 89' lang='lat' dir='ltr'><strong>homines</strong></span> <span class='ocrx_word' id='word_1_524' title='bbox 914 1940 980 1960; x_wconf 84' lang='lat' dir='ltr'><strong>sane</strong></span> <span class='ocrx_word' id='word_1_525' title='bbox 996 1940 1041 1959; x_wconf 89' lang='lat' dir='ltr'><strong>ar-</strong></span> 
     </span>
    </p>
   </div>
   <div class='ocr_carea' id='block_1_70' title="bbox 258 1974 1041 2013">
    <p class='ocr_par' dir='ltr' id='par_1_70' title="bbox 258 1974 1041 2013">
     <span class='ocr_line' id='line_1_70' title="bbox 258 1974 1041 2013; baseline 0.008 -14"><span class='ocrx_word' id='word_1_526' title='bbox 258 1974 381 2007; x_wconf 80' lang='lat' dir='ltr'><strong>rogantia</strong></span> <span class='ocrx_word' id='word_1_527' title='bbox 400 1975 561 2009; x_wconf 86' lang='lat' dir='ltr'><strong>plenissimi.</strong></span> <span class='ocrx_word' id='word_1_528' title='bbox 580 1975 673 2011; x_wconf 84' lang='lat' dir='ltr'><strong>Neque</strong></span> <span class='ocrx_word' id='word_1_529' title='bbox 698 1977 770 2004; x_wconf 89' lang='lat' dir='ltr'><strong>enim</strong></span> <span class='ocrx_word' id='word_1_530' title='bbox 786 1978 931 2012; x_wconf 87' lang='lat' dir='ltr'><strong>propheta,</strong></span> <span class='ocrx_word' id='word_1_531' title='bbox 953 1985 1041 2013; x_wconf 89' lang='lat' dir='ltr'><strong>neque</strong></span> 
     </span>
    </p>
   </div>
   <div class='ocr_carea' id='block_1_71' title="bbox 257 2020 1041 2058">
    <p class='ocr_par' dir='ltr' id='par_1_71' title="bbox 257 2020 1041 2058">
     <span class='ocr_line' id='line_1_71' title="bbox 257 2020 1041 2058; baseline 0.009 -14"><span class='ocrx_word' id='word_1_532' title='bbox 257 2020 412 2053; x_wconf 84' lang='lat' dir='ltr'><strong>apostolus,</strong></span> <span class='ocrx_word' id='word_1_533' title='bbox 433 2028 521 2056; x_wconf 89' lang='lat' dir='ltr'><strong>neque</strong></span> <span class='ocrx_word' id='word_1_534' title='bbox 553 2023 783 2057; x_wconf 75' lang='lat' dir='ltr'><strong>evangelistarum</strong></span> <span class='ocrx_word' id='word_1_535' title='bbox 813 2023 968 2058; x_wconf 83' lang='lat' dir='ltr'><strong>quispiam,</strong></span> <span class='ocrx_word' id='word_1_536' title='bbox 995 2024 1041 2052; x_wconf 86' lang='lat' dir='ltr'><strong>illa</strong></span> 
     </span>
    </p>
   </div>
   <div class='ocr_carea' id='block_1_72' title="bbox 257 2065 1038 2107">
    <p class='ocr_par' dir='ltr' id='par_1_72' title="bbox 257 2065 1038 2107">
     <span class='ocr_line' id='line_1_72' title="bbox 257 2065 1038 2107; baseline 0.008 -16"><span class='ocrx_word' id='word_1_537' title='bbox 257 2065 382 2098; x_wconf 88' lang='lat' dir='ltr'><strong>protulit,</strong></span> <span class='ocrx_word' id='word_1_538' title='bbox 398 2074 459 2101; x_wconf 79' lang='lat' dir='ltr'><strong>quae</strong></span> <span class='ocrx_word' id='word_1_539' title='bbox 473 2074 522 2094; x_wconf 88' lang='lat' dir='ltr'><strong>vos</strong></span> <span class='ocrx_word' id='word_1_540' title='bbox 538 2067 688 2102; x_wconf 88' lang='lat' dir='ltr'><strong>impudenti</strong></span> <span class='ocrx_word' id='word_1_541' title='bbox 701 2069 781 2103; x_wconf 87' lang='lat' dir='ltr'><strong>plane</strong></span> <span class='ocrx_word' id='word_1_542' title='bbox 792 2069 885 2107; x_wconf 83' lang='lat' dir='ltr'><strong>animo</strong></span> <span class='ocrx_word' id='word_1_543' title='bbox 898 2070 971 2104; x_wconf 86' lang='lat' dir='ltr'><strong>loqui</strong></span> <span class='ocrx_word' id='word_1_544' title='bbox 988 2078 1038 2097; x_wconf 92' lang='lat' dir='ltr'><strong>au-</strong></span> 
     </span>
    </p>
   </div>
   <div class='ocr_carea' id='block_1_73' title="bbox 256 2110 1041 2143">
    <p class='ocr_par' dir='ltr' id='par_1_73' title="bbox 256 2110 1041 2143">
     <span class='ocr_line' id='line_1_73' title="bbox 256 2110 1041 2143; baseline 0.008 -6"><span class='ocrx_word' id='word_1_545' title='bbox 256 2110 337 2138; x_wconf 85' lang='lat' dir='ltr'><strong>detis.</strong></span> <span class='ocrx_word' id='word_1_546' title='bbox 357 2110 386 2138; x_wconf 91' lang='lat' dir='ltr'><strong>Si</strong></span> <span class='ocrx_word' id='word_1_547' title='bbox 412 2112 484 2139; x_wconf 89' lang='lat' dir='ltr'><strong>enim</strong></span> <span class='ocrx_word' id='word_1_548' title='bbox 507 2113 575 2140; x_wconf 84' lang='lat' dir='ltr'><strong>alter</strong></span> <span class='ocrx_word' id='word_1_549' title='bbox 591 2118 633 2141; x_wconf 90' lang='lat' dir='ltr'><strong>est</strong></span> <span class='ocrx_word' id='word_1_550' title='bbox 648 2114 774 2142; x_wconf 87' lang='lat' dir='ltr'><strong>Christus</strong></span> <span class='ocrx_word' id='word_1_551' title='bbox 795 2122 811 2141; x_wconf 89' lang='lat' dir='ltr'><strong>a</strong></span> <span class='ocrx_word' id='word_1_552' title='bbox 825 2115 928 2142; x_wconf 64' lang='lat' dir='ltr'><strong>caelesti</strong></span> <span class='ocrx_word' id='word_1_553' title='bbox 950 2119 1041 2143; x_wconf 85' lang='lat' dir='ltr'><strong>mente</strong></span> 
     </span>
    </p>
   </div>
   <div class='ocr_carea' id='block_1_74' title="bbox 255 2155 1040 2196">
    <p class='ocr_par' dir='ltr' id='par_1_74' title="bbox 255 2155 1040 2196">
     <span class='ocr_line' id='line_1_74' title="bbox 255 2155 1040 2196; baseline 0.008 -14"><span class='ocrx_word' id='word_1_554' title='bbox 255 2155 285 2182; x_wconf 92' lang='lat' dir='ltr'><strong>in</strong></span> <span class='ocrx_word' id='word_1_555' title='bbox 303 2164 335 2183; x_wconf 92' lang='lat' dir='ltr'><strong>eo</strong></span> <span class='ocrx_word' id='word_1_556' title='bbox 351 2157 414 2190; x_wconf 75' lang='lat' dir='ltr'><strong>sita,</strong></span> <span class='ocrx_word' id='word_1_557' title='bbox 432 2157 608 2193; x_wconf 78' lang='lat' dir='ltr'><strong>perfectaque</strong></span> <span class='ocrx_word' id='word_1_558' title='bbox 621 2164 663 2186; x_wconf 87' lang='lat' dir='ltr'><strong>est</strong></span> <span class='ocrx_word' id='word_1_559' title='bbox 675 2167 751 2187; x_wconf 89' lang='lat' dir='ltr'><strong>mens</strong></span> <span class='ocrx_word' id='word_1_560' title='bbox 763 2160 820 2193; x_wconf 91' lang='lat' dir='ltr'><strong>illa,</strong></span> <span class='ocrx_word' id='word_1_561' title='bbox 834 2161 889 2187; x_wconf 93' lang='lat' dir='ltr'><strong>duo</strong></span> <span class='ocrx_word' id='word_1_562' title='bbox 907 2168 983 2196; x_wconf 80' lang='lat' dir='ltr'><strong>ergo,</strong></span> <span class='ocrx_word' id='word_1_563' title='bbox 997 2169 1040 2188; x_wconf 85' lang='lat' dir='ltr'><strong>se-</strong></span> 
     </span>
    </p>
   </div>
   <div class='ocr_carea' id='block_1_75' title="bbox 255 2202 1039 2234">
    <p class='ocr_par' dir='ltr' id='par_1_75' title="bbox 255 2202 1039 2234">
     <span class='ocr_line' id='line_1_75' title="bbox 255 2202 1039 2234; baseline 0.008 -7"><span class='ocrx_word' id='word_1_564' title='bbox 255 2202 376 2228; x_wconf 88' lang='lat' dir='ltr'><strong>cundum</strong></span> <span class='ocrx_word' id='word_1_565' title='bbox 393 2210 452 2234; x_wconf 92' lang='lat' dir='ltr'><strong>vos,</strong></span> <span class='ocrx_word' id='word_1_566' title='bbox 470 2208 550 2230; x_wconf 90' lang='lat' dir='ltr'><strong>erunt</strong></span> <span class='ocrx_word' id='word_1_567' title='bbox 567 2213 573 2231; x_wconf 95' lang='lat'>:</span> <span class='ocrx_word' id='word_1_568' title='bbox 593 2208 621 2231; x_wconf 89' lang='lat' dir='ltr'><strong>et</strong></span> <span class='ocrx_word' id='word_1_569' title='bbox 643 2204 682 2231; x_wconf 77' lang='lat' dir='ltr'><strong>sic</strong></span> <span class='ocrx_word' id='word_1_570' title='bbox 705 2205 732 2232; x_wconf 90' lang='lat' dir='ltr'><strong>in</strong></span> <span class='ocrx_word' id='word_1_571' title='bbox 748 2213 808 2232; x_wconf 89' lang='lat' dir='ltr'><strong>eam</strong></span> <span class='ocrx_word' id='word_1_572' title='bbox 831 2205 950 2234; x_wconf 82' lang='lat' dir='ltr'><strong>reciditis</strong></span> <span class='ocrx_word' id='word_1_573' title='bbox 975 2214 1039 2234; x_wconf 87' lang='lat' dir='ltr'><strong>sen-</strong></span> 
     </span>
    </p>
   </div>
   <div class='ocr_carea' id='block_1_76' title="bbox 255 2248 1040 2283">
    <p class='ocr_par' dir='ltr' id='par_1_76' title="bbox 255 2248 1040 2283">
     <span class='ocr_line' id='line_1_76' title="bbox 255 2248 1040 2283; baseline 0.009 -9"><span class='ocrx_word' id='word_1_574' title='bbox 255 2248 381 2281; x_wconf 85' lang='lat' dir='ltr'><strong>tentiam,</strong></span> <span class='ocrx_word' id='word_1_575' title='bbox 401 2256 484 2283; x_wconf 92' lang='lat' dir='ltr'><strong>quam</strong></span> <span class='ocrx_word' id='word_1_576' title='bbox 503 2250 632 2277; x_wconf 89' lang='lat' dir='ltr'><strong>videmini</strong></span> <span class='ocrx_word' id='word_1_577' title='bbox 655 2251 806 2279; x_wconf 89' lang='lat' dir='ltr'><strong>maledictis</strong></span> <span class='ocrx_word' id='word_1_578' title='bbox 820 2252 963 2280; x_wconf 87' lang='lat' dir='ltr'><strong>insectare.</strong></span> <span class='ocrx_word' id='word_1_579' title='bbox 979 2252 1040 2281; x_wconf 73' lang='lat' dir='ltr'><strong>Co:-</strong></span> 
     </span>
    </p>
   </div>
   <div class='ocr_carea' id='block_1_77' title="bbox 255 2292 1038 2332">
    <p class='ocr_par' dir='ltr' id='par_1_77' title="bbox 255 2292 1038 2332">
     <span class='ocr_line' id='line_1_77' title="bbox 255 2292 1038 2332; baseline 0.008 -13"><span class='ocrx_word' id='word_1_580' title='bbox 255 2292 350 2320; x_wconf 85' lang='lat' dir='ltr'><strong>lestem</strong></span> <span class='ocrx_word' id='word_1_581' title='bbox 377 2302 442 2321; x_wconf 84' lang='lat' dir='ltr'><strong>vero</strong></span> <span class='ocrx_word' id='word_1_582' title='bbox 471 2300 588 2322; x_wconf 85' lang='lat' dir='ltr'><strong>mentem</strong></span> <span class='ocrx_word' id='word_1_583' title='bbox 614 2297 754 2331; x_wconf 71' lang='lat' dir='ltr'><strong>prophetae</strong></span> <span class='ocrx_word' id='word_1_584' title='bbox 776 2305 885 2332; x_wconf 89' lang='lat' dir='ltr'><strong>quoque</strong></span> <span class='ocrx_word' id='word_1_585' title='bbox 908 2297 1038 2332; x_wconf 83' lang='lat' dir='ltr'><strong>habuere,</strong></span> 
     </span>
    </p>
   </div>
   <div class='ocr_carea' id='block_1_78' title="bbox 255 2339 1036 2377">
    <p class='ocr_par' dir='ltr' id='par_1_78' title="bbox 255 2339 1036 2377">
     <span class='ocr_line' id='line_1_78' title="bbox 255 2339 1036 2377; baseline 0.009 -13"><span class='ocrx_word' id='word_1_586' title='bbox 255 2347 303 2372; x_wconf 78' lang='lat' dir='ltr'><strong>qui</strong></span> <span class='ocrx_word' id='word_1_587' title='bbox 321 2339 441 2367; x_wconf 74' lang='lat' dir='ltr'><strong>coelestia</strong></span> <span class='ocrx_word' id='word_1_588' title='bbox 465 2345 492 2368; x_wconf 89' lang='lat' dir='ltr'><strong>et</strong></span> <span class='ocrx_word' id='word_1_589' title='bbox 509 2340 610 2372; x_wconf 77' lang='lat' dir='ltr'><strong>futura,</strong></span> <span class='ocrx_word' id='word_1_590' title='bbox 629 2343 708 2377; x_wconf 91' lang='lat' dir='ltr'><strong>quasi</strong></span> <span class='ocrx_word' id='word_1_591' title='bbox 734 2343 880 2377; x_wconf 71' lang='lat' dir='ltr'><strong>praesentia</strong></span> <span class='ocrx_word' id='word_1_592' title='bbox 900 2343 1036 2376; x_wconf 83' lang='lat' dir='ltr'><strong>fuissent,</strong></span> 
     </span>
    </p>
   </div>
   <div class='ocr_carea' id='block_1_79' title="bbox 253 2384 1037 2423">
    <p class='ocr_par' dir='ltr' id='par_1_79' title="bbox 253 2384 1037 2423">
     <span class='ocr_line' id='line_1_79' title="bbox 253 2384 1037 2423; baseline 0.008 -12"><span class='ocrx_word' id='word_1_593' title='bbox 253 2384 461 2419; x_wconf 82' lang='lat' dir='ltr'><strong>eloquebantur.</strong></span> <span class='ocrx_word' id='word_1_594' title='bbox 487 2386 558 2419; x_wconf 87' lang='lat' dir='ltr'><strong>Quid</strong></span> <span class='ocrx_word' id='word_1_595' title='bbox 585 2387 668 2423; x_wconf 77' lang='lat' dir='ltr'><strong>igitur</strong></span> <span class='ocrx_word' id='word_1_596' title='bbox 687 2388 745 2416; x_wconf 73' lang='lat' dir='ltr'><strong>haec</strong></span> <span class='ocrx_word' id='word_1_597' title='bbox 773 2389 886 2417; x_wconf 92' lang='lat' dir='ltr'><strong>omnino</strong></span> <span class='ocrx_word' id='word_1_598' title='bbox 903 2389 994 2418; x_wconf 88' lang='lat' dir='ltr'><strong>dicere</strong></span> <span class='ocrx_word' id='word_1_599' title='bbox 1010 2390 1037 2417; x_wconf 93' lang='lat' dir='ltr'><strong>in</strong></span> 
     </span>
    </p>
   </div>
   <div class='ocr_carea' id='block_1_80' title="bbox 288 2451 1037 2493">
    <p class='ocr_par' dir='ltr' id='par_1_80' title="bbox 288 2451 1037 2493">
     <span class='ocr_line' id='line_1_80' title="bbox 288 2451 1037 2493; baseline 0.008 -16"><span class='ocrx_word' id='word_1_600' title='bbox 288 2451 345 2493; x_wconf 74' lang='lat'><strong>(&#39;2_8)</strong></span> <span class='ocrx_word' id='word_1_601' title='bbox 366 2452 444 2480; x_wconf 88' lang='lat' dir='ltr'><strong>Prius</strong></span> <span class='ocrx_word' id='word_1_602' title='bbox 459 2454 523 2493; x_wconf 78' lang='lat' dir='ltr'><strong>editi</strong></span> <span class='ocrx_word' id='word_1_603' title='bbox 537 2455 647 2488; x_wconf 87' lang='lat' dir='ltr'><strong>habent,</strong></span> <span class='ocrx_word' id='word_1_604' title='bbox 660 2456 816 2493; x_wconf 54' lang='grc' dir='ltr'>ἀνεζρωπίνῃ</span> <span class='ocrx_word' id='word_1_605' title='bbox 832 2457 975 2493; x_wconf 34' lang='grc' dir='ltr'>μόνῃμεοίξ</span> <span class='ocrx_word' id='word_1_606' title='bbox 989 2457 1037 2492; x_wconf 82' lang='grc' dir='ltr'>μό-</span> 
     </span>
    </p>
   </div>
   <div class='ocr_carea' id='block_1_81' title="bbox 253 2487 1036 2524">
    <p class='ocr_par' dir='ltr' id='par_1_81' title="bbox 253 2487 1036 2524">
     <span class='ocr_line' id='line_1_81' title="bbox 253 2487 1036 2524; baseline 0.006 -11"><span class='ocrx_word' id='word_1_607' title='bbox 253 2495 286 2524; x_wconf 61' lang='grc' dir='ltr'>νῃ</span> <span class='ocrx_word' id='word_1_608' title='bbox 301 2487 386 2524; x_wconf 74' lang='lat' dir='ltr'><strong>abest,</strong></span> <span class='ocrx_word' id='word_1_609' title='bbox 401 2493 428 2515; x_wconf 92' lang='lat' dir='ltr'><strong>et</strong></span> <span class='ocrx_word' id='word_1_610' title='bbox 442 2489 550 2522; x_wconf 88' lang='lat' dir='ltr'><strong>quidem</strong></span> <span class='ocrx_word' id='word_1_611' title='bbox 569 2496 650 2519; x_wconf 84' lang='lat' dir='ltr'><strong>recte.</strong></span> <span class='ocrx_word' id='word_1_612' title='bbox 669 2499 684 2518; x_wconf 92' lang='lat' dir='ltr'><strong>a</strong></span> <span class='ocrx_word' id='word_1_613' title='bbox 700 2487 762 2524; x_wconf 69' lang='lat' dir='ltr'><strong>Seg.</strong></span> <span class='ocrx_word' id='word_1_614' title='bbox 775 2487 853 2519; x_wconf 71' lang='lat' dir='ltr'><strong>eam.</strong></span> <span class='ocrx_word' id='word_1_615' title='bbox 868 2487 897 2519; x_wconf 74' lang='grc' dir='ltr'>εἴ</span> <span class='ocrx_word' id='word_1_616' title='bbox 907 2487 996 2518; x_wconf 69' lang='grc' dir='ltr'><strong>ΡοΙυΙίζ</strong></span> <span class='ocrx_word' id='word_1_617' title='bbox 1011 2494 1036 2518; x_wconf 85' lang='grc'>1.</span> 
     </span>
    </p>
   </div>
   <div class='ocr_carea' id='block_1_82' title="bbox 252 2521 1038 2562">
    <p class='ocr_par' dir='ltr' id='par_1_82' title="bbox 252 2521 1038 2562">
     <span class='ocr_line' id='line_1_82' title="bbox 252 2521 1038 2562; baseline 0.008 -15"><span class='ocrx_word' id='word_1_618' title='bbox 252 2521 337 2562; x_wconf 66' lang='lat' dir='ltr'><strong>Paulo</strong></span> <span class='ocrx_word' id='word_1_619' title='bbox 352 2529 429 2562; x_wconf 86' lang='lat' dir='ltr'><strong>_pos_t,</strong></span> <span class='ocrx_word' id='word_1_620' title='bbox 446 2521 516 2562; x_wconf 78' lang='lat' dir='ltr'><strong>editi</strong></span> <span class='ocrx_word' id='word_1_621' title='bbox 528 2525 628 2562; x_wconf 75' lang='lat' dir='ltr'><strong>habent</strong></span> <span class='ocrx_word' id='word_1_622' title='bbox 640 2527 669 2552; x_wconf 91' lang='grc' dir='ltr'><strong>ἐν</strong></span> <span class='ocrx_word' id='word_1_623' title='bbox 683 2521 810 2561; x_wconf 78' lang='grc' dir='ltr'>ὁμοιώσει</span> <span class='ocrx_word' id='word_1_624' title='bbox 829 2528 861 2562; x_wconf 82' lang='grc' dir='ltr'><strong>τῇ</strong></span> <span class='ocrx_word' id='word_1_625' title='bbox 877 2526 949 2562; x_wconf 18' lang='grc' dir='ltr'>,καθ’</span> <span class='ocrx_word' id='word_1_626' title='bbox 963 2528 1038 2562; x_wconf 78' lang='grc' dir='ltr'>ἡμᾶς</span> 
     </span>
    </p>
   </div>
   <div class='ocr_carea' id='block_1_83' title="bbox 255 2557 1035 2620">
    <p class='ocr_par' dir='ltr' id='par_1_83' title="bbox 255 2557 1035 2620">
     <span class='ocr_line' id='line_1_83' title="bbox 255 2557 1035 2598; baseline 0.008 -15"><span class='ocrx_word' id='word_1_627' title='bbox 255 2557 334 2591; x_wconf 87' lang='grc' dir='ltr'>μόνη.</span> <span class='ocrx_word' id='word_1_628' title='bbox 344 2557 379 2585; x_wconf 83' lang='lat' dir='ltr'><strong>At</strong></span> <span class='ocrx_word' id='word_1_629' title='bbox 403 2559 471 2591; x_wconf 66' lang='lat' dir='ltr'><strong>hazc,</strong></span> <span class='ocrx_word' id='word_1_630' title='bbox 486 2561 519 2595; x_wconf 82' lang='grc' dir='ltr'><strong>τῇ</strong></span> <span class='ocrx_word' id='word_1_631' title='bbox 535 2560 596 2587; x_wconf 81' lang='grc' dir='ltr'>καθ’</span> <span class='ocrx_word' id='word_1_632' title='bbox 610 2557 813 2597; x_wconf 45' lang='lat' dir='ltr'><strong>apag-desunt.</strong></span> <span class='ocrx_word' id='word_1_633' title='bbox 826 2557 861 2589; x_wconf 69' lang='lat' dir='ltr'><strong>in&quot;</strong></span> <span class='ocrx_word' id='word_1_634' title='bbox 871 2561 933 2598; x_wconf 66' lang='grc' dir='ltr'><strong>δεε-</strong></span> <span class='ocrx_word' id='word_1_635' title='bbox 957 2557 1035 2589; x_wconf 62' lang='lat' dir='ltr'><strong>Gobl.</strong></span> 
     </span>
     <span class='ocr_line' id='line_1_84' title="bbox 255 2585 454 2620; baseline 0.01 -2"><span class='ocrx_word' id='word_1_636' title='bbox 255 2597 280 2618; x_wconf 83' lang='lat' dir='ltr'><strong>et</strong></span> <span class='ocrx_word' id='word_1_637' title='bbox 292 2585 315 2617; x_wconf 69' lang='grc'><strong>1⁴⁴</strong></span> <span class='ocrx_word' id='word_1_638' title='bbox 314 2592 410 2620; x_wconf 86' lang='lat' dir='ltr'><strong>elckm.</strong></span> <span class='ocrx_word' id='word_1_639' title='bbox 430 2595 454 2620; x_wconf 87' lang='grc'>1.</span> 
     </span>
    </p>
   </div>
   <div class='ocr_carea' id='block_1_84' title="bbox 252 2597 454 2620">
    <p class='ocr_par' dir='ltr' id='par_1_84' title="bbox 252 2597 454 2620">
     <span class='ocr_line' id='line_1_85' title="bbox 252 2597 454 2620; baseline 0.01 -2"><span class='ocrx_word' id='word_1_640' title='bbox 252 2597 280 2618; x_wconf 85' lang='lat' dir='ltr'><strong>et</strong></span> <span class='ocrx_word' id='word_1_641' title='bbox 292 2597 410 2620; x_wconf 74' lang='lat' dir='ltr'><strong>relckm.</strong></span> <span class='ocrx_word' id='word_1_642' title='bbox 430 2597 454 2620; x_wconf 88' lang='grc'>1.</span> 
     </span>
    </p>
   </div>
   <div class='ocr_carea' id='block_1_85' title="bbox 288 2626 1037 2663">
    <p class='ocr_par' dir='ltr' id='par_1_85' title="bbox 288 2626 1037 2663">
     <span class='ocr_line' id='line_1_86' title="bbox 288 2626 1037 2663; baseline 0.007 -10"><span class='ocrx_word' id='word_1_643' title='bbox 288 2626 343 2661; x_wconf 74' lang='lat'><strong>(29)</strong></span> <span class='ocrx_word' id='word_1_644' title='bbox 362 2628 500 2663; x_wconf 80' lang='grc' dir='ltr'>Παρθένου</span> <span class='ocrx_word' id='word_1_645' title='bbox 517 2629 591 2658; x_wconf 81' lang='lat' dir='ltr'><strong>deest</strong></span> <span class='ocrx_word' id='word_1_646' title='bbox 609 2629 635 2657; x_wconf 90' lang='lat' dir='ltr'><strong>in</strong></span> <span class='ocrx_word' id='word_1_647' title='bbox 649 2630 728 2658; x_wconf 88' lang='lat' dir='ltr'><strong>Gobl.</strong></span> <span class='ocrx_word' id='word_1_648' title='bbox 741 2636 768 2658; x_wconf 88' lang='lat' dir='ltr'><strong>et</strong></span> <span class='ocrx_word' id='word_1_649' title='bbox 780 2631 900 2658; x_wconf 79' lang='lat' dir='ltr'><strong>Felckm.</strong></span> <span class='ocrx_word' id='word_1_650' title='bbox 914 2631 938 2658; x_wconf 91' lang='grc'><strong>1.</strong></span> <span class='ocrx_word' id='word_1_651' title='bbox 953 2631 1037 2659; x_wconf 91' lang='lat' dir='ltr'><strong>Paulo</strong></span> 
     </span>
    </p>
   </div>
   <div class='ocr_carea' id='block_1_86' title="bbox 252 2662 1037 2701">
    <p class='ocr_par' dir='ltr' id='par_1_86' title="bbox 252 2662 1037 2701">
     <span class='ocr_line' id='line_1_87' title="bbox 252 2662 1037 2701; baseline 0.006 -12"><span class='ocrx_word' id='word_1_652' title='bbox 252 2665 325 2701; x_wconf 75' lang='lat' dir='ltr'><strong>post,</strong></span> <span class='ocrx_word' id='word_1_653' title='bbox 341 2662 414 2701; x_wconf 37' lang='lat' dir='ltr'><strong>S‘egz.</strong></span> <span class='ocrx_word' id='word_1_654' title='bbox 425 2672 473 2701; x_wconf 81' lang='lat' dir='ltr'><strong>pro</strong></span> <span class='ocrx_word' id='word_1_655' title='bbox 485 2664 659 2698; x_wconf 78' lang='grc' dir='ltr'>καθ’ἓνωσιν,</span> <span class='ocrx_word' id='word_1_656' title='bbox 673 2667 754 2694; x_wconf 88' lang='lat' dir='ltr'><strong>habet</strong></span> <span class='ocrx_word' id='word_1_657' title='bbox 770 2668 840 2694; x_wconf 73' lang='grc' dir='ltr'>κατὰ</span> <span class='ocrx_word' id='word_1_658' title='bbox 854 2666 943 2701; x_wconf 81' lang='grc' dir='ltr'>φύσιν,</span> <span class='ocrx_word' id='word_1_659' title='bbox 958 2671 1037 2701; x_wconf 87' lang='lat' dir='ltr'><strong>atque</strong></span> 
     </span>
    </p>
   </div>
   <div class='ocr_carea' id='block_1_87' title="bbox 254 2697 517 2731">
    <p class='ocr_par' dir='ltr' id='par_1_87' title="bbox 254 2697 517 2731">
     <span class='ocr_line' id='line_1_88' title="bbox 254 2697 517 2731; baseline 0.019 -10"><span class='ocrx_word' id='word_1_660' title='bbox 254 2697 291 2722; x_wconf 90' lang='lat' dir='ltr'><strong>ita</strong></span> <span class='ocrx_word' id='word_1_661' title='bbox 310 2697 372 2731; x_wconf 74' lang='lat' dir='ltr'><strong>legit</strong></span> <span class='ocrx_word' id='word_1_662' title='bbox 384 2697 517 2727; x_wconf 84' lang='lat' dir='ltr'><strong>Nannius.</strong></span> 
     </span>
    </p>
   </div>
   <div class='ocr_carea' id='block_1_88' title="bbox 253 2730 1035 2791">
    <p class='ocr_par' dir='ltr' id='par_1_88' title="bbox 253 2730 1035 2791">
     <span class='ocr_line' id='line_1_89' title="bbox 253 2730 1035 2791; baseline 0.008 -33"><span class='ocrx_word' id='word_1_663' title='bbox 253 2730 410 2791; x_wconf 45' lang='lat' dir='ltr'><strong>“(335m</strong></span> <span class='ocrx_word' id='word_1_664' title='bbox 424 2741 518 2763; x_wconf 84' lang='lat' dir='ltr'><strong>omnes</strong></span> <span class='ocrx_word' id='word_1_665' title='bbox 533 2734 588 2763; x_wconf 80' lang='lat' dir='ltr'><strong>fere</strong></span> <span class='ocrx_word' id='word_1_666' title='bbox 603 2736 788 2772; x_wconf 88' lang='lat' dir='ltr'><strong>manuscripti.</strong></span> <span class='ocrx_word' id='word_1_667' title='bbox 800 2736 828 2763; x_wconf 93' lang='lat' dir='ltr'><strong>ln</strong></span> <span class='ocrx_word' id='word_1_668' title='bbox 840 2737 920 2764; x_wconf 88' lang='lat' dir='ltr'><strong>editis</strong></span> <span class='ocrx_word' id='word_1_669' title='bbox 933 2741 1035 2770; x_wconf 67' lang='lat' dir='ltr'><strong>autum,</strong></span> 
     </span>
    </p>
   </div>
   <div class='ocr_carea' id='block_1_89' title="bbox 268 2771 383 2794">
    <p class='ocr_par' dir='ltr' id='par_1_89' title="bbox 268 2771 383 2794">
     <span class='ocr_line' id='line_1_90' title="bbox 268 2771 383 2794; baseline 0.035 -4"><span class='ocrx_word' id='word_1_670' title='bbox 268 2773 282 2790; x_wconf 89' lang='grc' dir='ltr'><strong>ν</strong></span> <span class='ocrx_word' id='word_1_671' title='bbox 298 2771 383 2794; x_wconf 83' lang='lat' dir='ltr'><strong>deest.</strong></span> 
     </span>
    </p>
   </div>
   <div class='ocr_carea' id='block_1_90' title="bbox 289 2800 1035 2838">
    <p class='ocr_par' dir='ltr' id='par_1_90' title="bbox 289 2800 1035 2838">
     <span class='ocr_line' id='line_1_91' title="bbox 289 2800 1035 2838; baseline 0.011 -12"><span class='ocrx_word' id='word_1_672' title='bbox 289 2800 344 2835; x_wconf 75' lang='grc'><strong>(51)</strong></span> <span class='ocrx_word' id='word_1_673' title='bbox 366 2801 392 2828; x_wconf 94' lang='lat' dir='ltr'><strong>In</strong></span> <span class='ocrx_word' id='word_1_674' title='bbox 412 2802 474 2838; x_wconf 77' lang='lat' dir='ltr'><strong>Seg.</strong></span> <span class='ocrx_word' id='word_1_675' title='bbox 490 2813 520 2830; x_wconf 85' lang='grc' dir='ltr'><strong>τε</strong></span> <span class='ocrx_word' id='word_1_676' title='bbox 535 2805 619 2831; x_wconf 84' lang='lat' dir='ltr'><strong>deest.</strong></span> <span class='ocrx_word' id='word_1_677' title='bbox 638 2805 709 2832; x_wconf 79' lang='lat' dir='ltr'><strong>Infra</strong></span> <span class='ocrx_word' id='word_1_678' title='bbox 724 2806 802 2833; x_wconf 87' lang='lat' dir='ltr'><strong>Gobl.</strong></span> <span class='ocrx_word' id='word_1_679' title='bbox 818 2811 844 2833; x_wconf 85' lang='lat' dir='ltr'><strong>et</strong></span> <span class='ocrx_word' id='word_1_680' title='bbox 872 2806 990 2834; x_wconf 77' lang='lat' dir='ltr'><strong>Felrkm.</strong></span> <span class='ocrx_word' id='word_1_681' title='bbox 1009 2807 1035 2838; x_wconf 81' lang='grc'>1,</span> 
     </span>
    </p>
   </div>
   <div class='ocr_carea' id='block_1_91' title="bbox 255 2835 1033 2877">
    <p class='ocr_par' dir='ltr' id='par_1_91' title="bbox 255 2835 1033 2877">
     <span class='ocr_line' id='line_1_92' title="bbox 255 2835 1033 2877; baseline 0.01 -17"><span class='ocrx_word' id='word_1_682' title='bbox 255 2835 360 2869; x_wconf 73' lang='grc' dir='ltr'>λέγεται</span> <span class='ocrx_word' id='word_1_683' title='bbox 379 2839 392 2863; x_wconf 73' lang='grc' dir='ltr'>ὁ</span> <span class='ocrx_word' id='word_1_684' title='bbox 409 2835 523 2872; x_wconf 75' lang='grc' dir='ltr'>Χρῖστὸς</span> <span class='ocrx_word' id='word_1_685' title='bbox 540 2840 586 2867; x_wconf 74' lang='grc' dir='ltr'><strong>καί</strong></span> <span class='ocrx_word' id='word_1_686' title='bbox 597 2839 671 2872; x_wconf 75' lang='grc' dir='ltr'>Θεὸς,</span> <span class='ocrx_word' id='word_1_687' title='bbox 684 2841 730 2867; x_wconf 74' lang='grc' dir='ltr'><strong>καὶ</strong></span> <span class='ocrx_word' id='word_1_688' title='bbox 747 2838 786 2872; x_wconf 73' lang='grc' dir='ltr'>εἷς</span> <span class='ocrx_word' id='word_1_689' title='bbox 797 2842 868 2868; x_wconf 80' lang='grc' dir='ltr'>ἐστιν</span> <span class='ocrx_word' id='word_1_690' title='bbox 883 2843 896 2868; x_wconf 74' lang='grc' dir='ltr'>ὁ</span> <span class='ocrx_word' id='word_1_691' title='bbox 910 2835 1033 2877; x_wconf 62' lang='grc' dir='ltr'>Χριστός.</span> 
     </span>
    </p>
   </div>
   <div class='ocr_carea' id='block_1_92' title="bbox 1091 1563 1857 1601">
    <p class='ocr_par' dir='ltr' id='par_1_92' title="bbox 1091 1563 1857 1601">
     <span class='ocr_line' id='line_1_93' title="bbox 1091 1563 1857 1601; baseline -0.001 -9"><span class='ocrx_word' id='word_1_692' title='bbox 1091 1566 1157 1598; x_wconf 84' lang='grc' dir='ltr'>Θεὸς</span> <span class='ocrx_word' id='word_1_693' title='bbox 1174 1566 1221 1592; x_wconf 73' lang='grc' dir='ltr'><strong>καὶ</strong></span> <span class='ocrx_word' id='word_1_694' title='bbox 1232 1565 1373 1601; x_wconf 82' lang='grc' dir='ltr'>ἄνθρωπός</span> <span class='ocrx_word' id='word_1_695' title='bbox 1390 1566 1464 1591; x_wconf 79' lang='grc' dir='ltr'>ἐστιν</span> <span class='ocrx_word' id='word_1_696' title='bbox 1483 1566 1498 1591; x_wconf 86' lang='grc' dir='ltr'>ὁ</span> <span class='ocrx_word' id='word_1_697' title='bbox 1512 1565 1642 1600; x_wconf 81' lang='grc' dir='ltr'>Χριστὸς,</span> <span class='ocrx_word' id='word_1_698' title='bbox 1657 1566 1704 1593; x_wconf 77' lang='grc' dir='ltr'>καὶ</span> <span class='ocrx_word' id='word_1_699' title='bbox 1720 1563 1758 1598; x_wconf 70' lang='grc' dir='ltr'>εἷς</span> <span class='ocrx_word' id='word_1_700' title='bbox 1774 1566 1857 1592; x_wconf 65' lang='grc' dir='ltr'>ἐστι-μό</span> 
     </span>
    </p>
   </div>
   <div class='ocr_carea' id='block_1_93' title="bbox 1090 1609 1857 1648">
    <p class='ocr_par' dir='ltr' id='par_1_93' title="bbox 1090 1609 1857 1648">
     <span class='ocr_line' id='line_1_94' title="bbox 1090 1609 1857 1648; baseline -0.001 -10"><span class='ocrx_word' id='word_1_701' title='bbox 1090 1612 1216 1647; x_wconf 81' lang='grc' dir='ltr'>Χριστός.</span> <span class='ocrx_word' id='word_1_702' title='bbox 1229 1611 1349 1638; x_wconf 81' lang='grc' dir='ltr'>Μάταιον</span> <span class='ocrx_word' id='word_1_703' title='bbox 1359 1609 1405 1638; x_wconf 82' lang='grc' dir='ltr'>οὖν</span> <span class='ocrx_word' id='word_1_704' title='bbox 1415 1611 1492 1647; x_wconf 85' lang='grc' dir='ltr'>ὑμῶν</span> <span class='ocrx_word' id='word_1_705' title='bbox 1501 1611 1532 1638; x_wconf 80' lang='grc' dir='ltr'><strong>τὸ</strong></span> <span class='ocrx_word' id='word_1_706' title='bbox 1542 1611 1662 1647; x_wconf 79' lang='grc' dir='ltr'>σόφισμα</span> <span class='ocrx_word' id='word_1_707' title='bbox 1673 1612 1857 1648; x_wconf 79' lang='grc' dir='ltr'>ἐπιχειρούντων</span> 
     </span>
    </p>
   </div>
   <div class='ocr_carea' id='block_1_94' title="bbox 1090 1657 1856 1694">
    <p class='ocr_par' dir='ltr' id='par_1_94' title="bbox 1090 1657 1856 1694">
     <span class='ocr_line' id='line_1_95' title="bbox 1090 1657 1856 1694; baseline 0 -10"><span class='ocrx_word' id='word_1_708' title='bbox 1090 1658 1184 1694; x_wconf 78' lang='grc' dir='ltr'>ἔτερόν</span> <span class='ocrx_word' id='word_1_709' title='bbox 1192 1667 1218 1684; x_wconf 91' lang='grc' dir='ltr'><strong>τι</strong></span> <span class='ocrx_word' id='word_1_710' title='bbox 1225 1657 1349 1693; x_wconf 80' lang='grc' dir='ltr'>παρὰτὺν</span> <span class='ocrx_word' id='word_1_711' title='bbox 1355 1657 1471 1694; x_wconf 85' lang='grc' dir='ltr'>Χριστὸν</span> <span class='ocrx_word' id='word_1_712' title='bbox 1479 1658 1508 1683; x_wconf 80' lang='grc' dir='ltr'><strong>ἐν</strong></span> <span class='ocrx_word' id='word_1_713' title='bbox 1517 1657 1589 1692; x_wconf 79' lang='grc' dir='ltr'>αὐτῷ</span> <span class='ocrx_word' id='word_1_714' title='bbox 1598 1657 1719 1694; x_wconf 83' lang='grc' dir='ltr'>θεωρεῖν.</span> <span class='ocrx_word' id='word_1_715' title='bbox 1727 1659 1756 1685; x_wconf 81' lang='lat' dir='ltr'><strong>0i</strong></span> <span class='ocrx_word' id='word_1_716' title='bbox 1763 1658 1806 1693; x_wconf 83' lang='grc' dir='ltr'>μὲν</span> <span class='ocrx_word' id='word_1_717' title='bbox 1812 1657 1856 1692; x_wconf 78' lang='grc' dir='ltr'><strong>γὰρ</strong></span> 
     </span>
    </p>
   </div>
   <div class='ocr_carea' id='block_1_95' title="bbox 1091 1702 1855 1739">
    <p class='ocr_par' dir='ltr' id='par_1_95' title="bbox 1091 1702 1855 1739">
     <span class='ocr_line' id='line_1_96' title="bbox 1091 1702 1855 1739; baseline -0.001 -9"><span class='ocrx_word' id='word_1_718' title='bbox 1091 1703 1317 1739; x_wconf 77' lang='grc' dir='ltr'>καταχρηστικῶς</span> <span class='ocrx_word' id='word_1_719' title='bbox 1330 1703 1470 1738; x_wconf 84' lang='grc' dir='ltr'>λεγόμενοι</span> <span class='ocrx_word' id='word_1_720' title='bbox 1482 1704 1604 1739; x_wconf 73' lang='grc' dir='ltr'>Χριστοὶ.</span> <span class='ocrx_word' id='word_1_721' title='bbox 1615 1704 1681 1735; x_wconf 76' lang='grc' dir='ltr'>ἴσως</span> <span class='ocrx_word' id='word_1_722' title='bbox 1691 1704 1748 1730; x_wconf 79' lang='grc' dir='ltr'>καθ’</span> <span class='ocrx_word' id='word_1_723' title='bbox 1759 1704 1821 1739; x_wconf 80' lang='grc' dir='ltr'>ὑμᾶς</span> <span class='ocrx_word' id='word_1_724' title='bbox 1829 1702 1855 1729; x_wconf 84' lang='grc' dir='ltr'>ἂν</span> 
     </span>
    </p>
   </div>
   <div class='ocr_carea' id='block_1_96' title="bbox 1091 1749 1855 1786">
    <p class='ocr_par' dir='ltr' id='par_1_96' title="bbox 1091 1749 1855 1786">
     <span class='ocr_line' id='line_1_97' title="bbox 1091 1749 1855 1786; baseline -0.001 -9"><span class='ocrx_word' id='word_1_725' title='bbox 1091 1750 1246 1786; x_wconf 83' lang='grc' dir='ltr'>θεωροῖντο·</span> <span class='ocrx_word' id='word_1_726' title='bbox 1266 1751 1280 1777; x_wconf 86' lang='grc' dir='ltr'>ὁ</span> <span class='ocrx_word' id='word_1_727' title='bbox 1297 1750 1325 1777; x_wconf 81' lang='grc' dir='ltr'><strong>δὲ</strong></span> <span class='ocrx_word' id='word_1_728' title='bbox 1347 1750 1417 1777; x_wconf 80' lang='grc' dir='ltr'>κατὰ</span> <span class='ocrx_word' id='word_1_729' title='bbox 1432 1750 1511 1784; x_wconf 80' lang='grc' dir='ltr'>φύσιν</span> <span class='ocrx_word' id='word_1_730' title='bbox 1527 1750 1605 1785; x_wconf 89' lang='grc' dir='ltr'>μόνος</span> <span class='ocrx_word' id='word_1_731' title='bbox 1626 1751 1745 1786; x_wconf 79' lang='grc' dir='ltr'>ἀληθινὸς</span> <span class='ocrx_word' id='word_1_732' title='bbox 1758 1749 1855 1785; x_wconf 74' lang='grc' dir='ltr'>Χριστὸς</span> 
     </span>
    </p>
   </div>
   <div class='ocr_carea' id='block_1_97' title="bbox 1090 1796 1854 1832">
    <p class='ocr_par' dir='ltr' id='par_1_97' title="bbox 1090 1796 1854 1832">
     <span class='ocr_line' id='line_1_98' title="bbox 1090 1796 1854 1832; baseline -0.003 -8"><span class='ocrx_word' id='word_1_733' title='bbox 1090 1797 1138 1831; x_wconf 67' lang='grc' dir='ltr'><strong>οὐχ</strong></span> <span class='ocrx_word' id='word_1_734' title='bbox 1153 1797 1204 1824; x_wconf 75' lang='grc' dir='ltr'><strong>ὑπὸ</strong></span> <span class='ocrx_word' id='word_1_735' title='bbox 1216 1796 1384 1832; x_wconf 80' lang='grc' dir='ltr'>ἀνθρωπίνου</span> <span class='ocrx_word' id='word_1_736' title='bbox 1399 1797 1529 1831; x_wconf 78' lang='grc' dir='ltr'>λογισμοῦ</span> <span class='ocrx_word' id='word_1_737' title='bbox 1545 1796 1764 1832; x_wconf 75' lang='grc' dir='ltr'>διαγραφήσεται,</span> <span class='ocrx_word' id='word_1_738' title='bbox 1777 1796 1854 1829; x_wconf 76' lang='grc' dir='ltr'>ὥσπερ</span> 
     </span>
    </p>
   </div>
   <div class='ocr_carea' id='block_1_98' title="bbox 1091 1839 1854 1877">
    <p class='ocr_par' dir='ltr' id='par_1_98' title="bbox 1091 1839 1854 1877">
     <span class='ocr_line' id='line_1_99' title="bbox 1091 1839 1854 1877; baseline -0.005 -9"><span class='ocrx_word' id='word_1_739' title='bbox 1091 1842 1169 1877; x_wconf 80' lang='grc' dir='ltr'>ὑμεῖς</span> <span class='ocrx_word' id='word_1_740' title='bbox 1182 1843 1298 1877; x_wconf 62' lang='grc' dir='ltr'>τολμᾶτε</span> <span class='ocrx_word' id='word_1_741' title='bbox 1313 1842 1378 1877; x_wconf 74' lang='lat'><strong>(5‘2),</strong></span> <span class='ocrx_word' id='word_1_742' title='bbox 1390 1841 1437 1868; x_wconf 74' lang='grc' dir='ltr'><strong>καὶ</strong></span> <span class='ocrx_word' id='word_1_743' title='bbox 1453 1841 1577 1873; x_wconf 83' lang='grc' dir='ltr'>αὐθάδεις</span> <span class='ocrx_word' id='word_1_744' title='bbox 1589 1842 1727 1876; x_wconf 77' lang='grc' dir='ltr'>γεγόνατε.</span> <span class='ocrx_word' id='word_1_745' title='bbox 1742 1840 1802 1867; x_wconf 76' lang='grc' dir='ltr'><strong>Οὐδὲ</strong></span> <span class='ocrx_word' id='word_1_746' title='bbox 1812 1839 1854 1873; x_wconf 70' lang='grc' dir='ltr'><strong>γὰρ</strong></span> 
     </span>
    </p>
   </div>
   <div class='ocr_carea' id='block_1_99' title="bbox 1090 1883 1854 1923">
    <p class='ocr_par' dir='ltr' id='par_1_99' title="bbox 1090 1883 1854 1923">
     <span class='ocr_line' id='line_1_100' title="bbox 1090 1883 1854 1923; baseline -0.003 -9"><span class='ocrx_word' id='word_1_747' title='bbox 1090 1888 1243 1923; x_wconf 85' lang='grc' dir='ltr'>προφήτης,</span> <span class='ocrx_word' id='word_1_748' title='bbox 1261 1887 1320 1914; x_wconf 75' lang='grc' dir='ltr'>οὐδὲ</span> <span class='ocrx_word' id='word_1_749' title='bbox 1329 1886 1486 1920; x_wconf 66' lang='grc' dir='ltr'>ἀπόστολος,</span> <span class='ocrx_word' id='word_1_750' title='bbox 1498 1886 1559 1913; x_wconf 78' lang='grc' dir='ltr'>οὔτε</span> <span class='ocrx_word' id='word_1_751' title='bbox 1570 1883 1854 1920; x_wconf 75' lang='grc' dir='ltr'>τιςτῶνεὺαγγελιπῶν</span> 
     </span>
    </p>
   </div>
   <div class='ocr_carea' id='block_1_100' title="bbox 1090 1929 1853 1968">
    <p class='ocr_par' dir='ltr' id='par_1_100' title="bbox 1090 1929 1853 1968">
     <span class='ocr_line' id='line_1_101' title="bbox 1090 1929 1853 1968; baseline -0.005 -10"><span class='ocrx_word' id='word_1_752' title='bbox 1090 1932 1175 1959; x_wconf 84' lang='grc' dir='ltr'>ταῦτα</span> <span class='ocrx_word' id='word_1_753' title='bbox 1189 1932 1348 1967; x_wconf 80' lang='grc' dir='ltr'>ἐφθέγξατο,</span> <span class='ocrx_word' id='word_1_754' title='bbox 1356 1933 1373 1960; x_wconf 66' lang='grc' dir='ltr'>ἃ</span> <span class='ocrx_word' id='word_1_755' title='bbox 1385 1933 1462 1968; x_wconf 82' lang='grc' dir='ltr'>ὑμεῖς</span> <span class='ocrx_word' id='word_1_756' title='bbox 1472 1933 1561 1959; x_wconf 88' lang='grc' dir='ltr'>λαλεῖν</span> <span class='ocrx_word' id='word_1_757' title='bbox 1574 1933 1744 1968; x_wconf 73' lang='grc' dir='ltr'>ἐπιχειρεῖτε,</span> <span class='ocrx_word' id='word_1_758' title='bbox 1755 1929 1853 1959; x_wconf 75' lang='grc' dir='ltr'>ἀναιδεῖς</span> 
     </span>
    </p>
   </div>
   <div class='ocr_carea' id='block_1_101' title="bbox 1090 1976 1854 2014">
    <p class='ocr_par' dir='ltr' id='par_1_101' title="bbox 1090 1976 1854 2014">
     <span class='ocr_line' id='line_1_102' title="bbox 1090 1976 1854 2014; baseline -0.004 -9"><span class='ocrx_word' id='word_1_759' title='bbox 1090 1978 1138 2014; x_wconf 73' lang='grc' dir='ltr'>τὴν</span> <span class='ocrx_word' id='word_1_760' title='bbox 1153 1979 1242 2014; x_wconf 74' lang='grc' dir='ltr'>ψυχὴν</span> <span class='ocrx_word' id='word_1_761' title='bbox 1255 1979 1310 2014; x_wconf 74' lang='grc'>(55)</span> <span class='ocrx_word' id='word_1_762' title='bbox 1324 1979 1473 2013; x_wconf 82' lang='grc' dir='ltr'>γεγονότες.</span> <span class='ocrx_word' id='word_1_763' title='bbox 1488 1979 1519 2005; x_wconf 74' lang='lat' dir='ltr'><strong>Et</strong></span> <span class='ocrx_word' id='word_1_764' title='bbox 1530 1979 1584 2014; x_wconf 78' lang='grc' dir='ltr'>γὰρ</span> <span class='ocrx_word' id='word_1_765' title='bbox 1595 1979 1688 2014; x_wconf 66' lang='grc' dir='ltr'>ἕτερός</span> <span class='ocrx_word' id='word_1_766' title='bbox 1700 1979 1768 2004; x_wconf 83' lang='grc' dir='ltr'>ἐστιν</span> <span class='ocrx_word' id='word_1_767' title='bbox 1777 1977 1789 2003; x_wconf 81' lang='grc' dir='ltr'><strong>ό</strong></span> <span class='ocrx_word' id='word_1_768' title='bbox 1799 1976 1854 2010; x_wconf 78' lang='grc' dir='ltr'>Χρι-</span> 
     </span>
    </p>
   </div>
   <div class='ocr_carea' id='block_1_102' title="bbox 1091 2023 1851 2062">
    <p class='ocr_par' dir='ltr' id='par_1_102' title="bbox 1091 2023 1851 2062">
     <span class='ocr_line' id='line_1_103' title="bbox 1091 2023 1851 2062; baseline 0 -12"><span class='ocrx_word' id='word_1_769' title='bbox 1091 2024 1152 2055; x_wconf 79' lang='grc' dir='ltr'>στὸς</span> <span class='ocrx_word' id='word_1_770' title='bbox 1164 2024 1238 2059; x_wconf 81' lang='grc' dir='ltr'>παρὰ</span> <span class='ocrx_word' id='word_1_771' title='bbox 1251 2023 1295 2050; x_wconf 81' lang='grc' dir='ltr'>τὸν</span> <span class='ocrx_word' id='word_1_772' title='bbox 1307 2024 1464 2059; x_wconf 75' lang='grc' dir='ltr'>ἐπουράνιον</span> <span class='ocrx_word' id='word_1_773' title='bbox 1475 2024 1536 2050; x_wconf 89' lang='grc' dir='ltr'>νοῦν</span> <span class='ocrx_word' id='word_1_774' title='bbox 1547 2024 1592 2051; x_wconf 81' lang='grc' dir='ltr'>τὸν</span> <span class='ocrx_word' id='word_1_775' title='bbox 1601 2026 1629 2051; x_wconf 86' lang='grc' dir='ltr'><strong>ἐν</strong></span> <span class='ocrx_word' id='word_1_776' title='bbox 1637 2024 1709 2062; x_wconf 79' lang='grc' dir='ltr'>αὐτῷ</span> <span class='ocrx_word' id='word_1_777' title='bbox 1717 2023 1851 2058; x_wconf 65' lang='grc' dir='ltr'>γενόμενον,</span> 
     </span>
    </p>
   </div>
   <div class='ocr_carea' id='block_1_103' title="bbox 1089 2068 1853 2106">
    <p class='ocr_par' dir='ltr' id='par_1_103' title="bbox 1089 2068 1853 2106">
     <span class='ocr_line' id='line_1_104' title="bbox 1089 2068 1853 2106; baseline -0.005 -10"><span class='ocrx_word' id='word_1_778' title='bbox 1089 2070 1190 2101; x_wconf 83' lang='grc' dir='ltr'>τέλειος</span> <span class='ocrx_word' id='word_1_779' title='bbox 1204 2070 1232 2096; x_wconf 87' lang='grc' dir='ltr'><strong>δέ</strong></span> <span class='ocrx_word' id='word_1_780' title='bbox 1245 2070 1292 2096; x_wconf 78' lang='grc' dir='ltr'><strong>καὶ</strong></span> <span class='ocrx_word' id='word_1_781' title='bbox 1307 2071 1321 2096; x_wconf 83' lang='grc' dir='ltr'><strong>ό</strong></span> <span class='ocrx_word' id='word_1_782' title='bbox 1337 2069 1409 2101; x_wconf 83' lang='grc' dir='ltr'>νοῦς,</span> <span class='ocrx_word' id='word_1_783' title='bbox 1424 2069 1471 2096; x_wconf 92' lang='grc' dir='ltr'><strong>δύο</strong></span> <span class='ocrx_word' id='word_1_784' title='bbox 1488 2070 1541 2106; x_wconf 74' lang='grc' dir='ltr'>ἄρα</span> <span class='ocrx_word' id='word_1_785' title='bbox 1555 2070 1616 2097; x_wconf 83' lang='grc' dir='ltr'>καθ’</span> <span class='ocrx_word' id='word_1_786' title='bbox 1634 2071 1719 2106; x_wconf 76' lang='grc' dir='ltr'>ὑμᾶς·</span> <span class='ocrx_word' id='word_1_787' title='bbox 1738 2069 1779 2096; x_wconf 75' lang='grc' dir='ltr'>καὶ</span> <span class='ocrx_word' id='word_1_788' title='bbox 1796 2068 1853 2100; x_wconf 80' lang='grc' dir='ltr'>ὅπερ</span> 
     </span>
    </p>
   </div>
   <div class='ocr_carea' id='block_1_104' title="bbox 1089 2113 1850 2152">
    <p class='ocr_par' dir='ltr' id='par_1_104' title="bbox 1089 2113 1850 2152">
     <span class='ocr_line' id='line_1_105' title="bbox 1089 2113 1850 2152; baseline -0.005 -10"><span class='ocrx_word' id='word_1_789' title='bbox 1089 2115 1240 2151; x_wconf 76' lang='grc' dir='ltr'>δυσφημεῖν</span> <span class='ocrx_word' id='word_1_790' title='bbox 1256 2116 1311 2151; x_wconf 72' lang='grc'><strong>(54)</strong></span> <span class='ocrx_word' id='word_1_791' title='bbox 1325 2115 1438 2148; x_wconf 86' lang='grc' dir='ltr'>δοκεῖτε,</span> <span class='ocrx_word' id='word_1_792' title='bbox 1454 2115 1532 2142; x_wconf 82' lang='grc' dir='ltr'>τοῦτο</span> <span class='ocrx_word' id='word_1_793' title='bbox 1545 2115 1688 2152; x_wconf 77' lang='grc' dir='ltr'>ἐλέγχεσθε</span> <span class='ocrx_word' id='word_1_794' title='bbox 1701 2113 1850 2152; x_wconf 80' lang='grc' dir='ltr'>φρονοῦντες.</span> 
     </span>
    </p>
   </div>
   <div class='ocr_carea' id='block_1_105' title="bbox 1091 2158 1852 2198">
    <p class='ocr_par' dir='ltr' id='par_1_105' title="bbox 1091 2158 1852 2198">
     <span class='ocr_line' id='line_1_106' title="bbox 1091 2158 1852 2198; baseline -0.005 -10"><span class='ocrx_word' id='word_1_795' title='bbox 1091 2162 1161 2188; x_wconf 77' lang='grc' dir='ltr'>Νοῦν</span> <span class='ocrx_word' id='word_1_796' title='bbox 1181 2162 1209 2188; x_wconf 87' lang='grc' dir='ltr'><strong>δέ</strong></span> <span class='ocrx_word' id='word_1_797' title='bbox 1223 2161 1382 2198; x_wconf 78' lang='grc' dir='ltr'>ἐπουράνιον</span> <span class='ocrx_word' id='word_1_798' title='bbox 1401 2163 1447 2188; x_wconf 81' lang='grc' dir='ltr'><strong>καὶ</strong></span> <span class='ocrx_word' id='word_1_799' title='bbox 1469 2163 1493 2188; x_wconf 81' lang='grc' dir='ltr'>οἰ</span> <span class='ocrx_word' id='word_1_800' title='bbox 1516 2163 1653 2198; x_wconf 81' lang='grc' dir='ltr'>προφῆται</span> <span class='ocrx_word' id='word_1_801' title='bbox 1671 2163 1819 2198; x_wconf 84' lang='grc' dir='ltr'>ἐσχήκασιν,</span> <span class='ocrx_word' id='word_1_802' title='bbox 1831 2158 1852 2184; x_wconf 83' lang='grc' dir='ltr'><strong>οι</strong></span> 
     </span>
    </p>
   </div>
   <div class='ocr_carea' id='block_1_106' title="bbox 1056 2203 1852 2244">
    <p class='ocr_par' dir='ltr' id='par_1_106' title="bbox 1056 2203 1852 2244">
     <span class='ocr_line' id='line_1_107' title="bbox 1056 2203 1852 2244; baseline -0.004 -11"><span class='ocrx_word' id='word_1_803' title='bbox 1056 2203 1077 2229; x_wconf 84' lang='lat' dir='ltr'><strong>D</strong></span> <span class='ocrx_word' id='word_1_804' title='bbox 1091 2207 1126 2233; x_wconf 81' lang='grc' dir='ltr'><strong>τὰ</strong></span> <span class='ocrx_word' id='word_1_805' title='bbox 1140 2206 1288 2242; x_wconf 81' lang='grc' dir='ltr'>ἐπουράνια</span> <span class='ocrx_word' id='word_1_806' title='bbox 1303 2207 1349 2233; x_wconf 75' lang='grc' dir='ltr'>καὶ</span> <span class='ocrx_word' id='word_1_807' title='bbox 1362 2207 1396 2234; x_wconf 80' lang='grc' dir='ltr'>τὰ</span> <span class='ocrx_word' id='word_1_808' title='bbox 1413 2207 1542 2242; x_wconf 86' lang='grc' dir='ltr'>μέλλοντα</span> <span class='ocrx_word' id='word_1_809' title='bbox 1555 2208 1593 2240; x_wconf 87' lang='grc' dir='ltr'>ὼς</span> <span class='ocrx_word' id='word_1_810' title='bbox 1608 2208 1725 2244; x_wconf 86' lang='grc' dir='ltr'>παρόντα</span> <span class='ocrx_word' id='word_1_811' title='bbox 1738 2206 1852 2241; x_wconf 80' lang='grc' dir='ltr'>λαλήσαν-</span> 
     </span>
    </p>
   </div>
   <div class='ocr_carea' id='block_1_107' title="bbox 1089 2249 1850 2287">
    <p class='ocr_par' dir='ltr' id='par_1_107' title="bbox 1089 2249 1850 2287">
     <span class='ocr_line' id='line_1_108' title="bbox 1089 2249 1850 2287; baseline -0.004 -8"><span class='ocrx_word' id='word_1_812' title='bbox 1089 2261 1144 2284; x_wconf 87' lang='grc' dir='ltr'>τες.</span> <span class='ocrx_word' id='word_1_813' title='bbox 1170 2253 1246 2280; x_wconf 80' lang='grc' dir='ltr'>Διατί</span> <span class='ocrx_word' id='word_1_814' title='bbox 1269 2253 1298 2280; x_wconf 82' lang='grc' dir='ltr'><strong>δὲ</strong></span> <span class='ocrx_word' id='word_1_815' title='bbox 1317 2253 1384 2285; x_wconf 84' lang='grc' dir='ltr'>ὅλως</span> <span class='ocrx_word' id='word_1_816' title='bbox 1398 2252 1485 2280; x_wconf 86' lang='grc' dir='ltr'>ταῦτα</span> <span class='ocrx_word' id='word_1_817' title='bbox 1506 2253 1595 2287; x_wconf 88' lang='grc' dir='ltr'>λέγειν</span> <span class='ocrx_word' id='word_1_818' title='bbox 1608 2254 1746 2284; x_wconf 84' lang='grc' dir='ltr'>ἐπινοεῖτε,</span> <span class='ocrx_word' id='word_1_819' title='bbox 1764 2253 1798 2284; x_wconf 83' lang='grc' dir='ltr'>ὡς</span> <span class='ocrx_word' id='word_1_820' title='bbox 1811 2249 1850 2276; x_wconf 81' lang='grc' dir='ltr'>τοῦ</span> 
     </span>
    </p>
   </div>
   <div class='ocr_carea' id='block_1_108' title="bbox 1089 2294 1851 2334">
    <p class='ocr_par' dir='ltr' id='par_1_108' title="bbox 1089 2294 1851 2334">
     <span class='ocr_line' id='line_1_109' title="bbox 1089 2294 1851 2334; baseline -0.004 -11"><span class='ocrx_word' id='word_1_821' title='bbox 1089 2297 1189 2324; x_wconf 77' lang='grc' dir='ltr'>ἔσωθεν</span> <span class='ocrx_word' id='word_1_822' title='bbox 1202 2297 1259 2331; x_wconf 73' lang='grc' dir='ltr'><strong>ί55)</strong></span> <span class='ocrx_word' id='word_1_823' title='bbox 1277 2297 1354 2333; x_wconf 82' lang='grc' dir='ltr'>ἡμῶν</span> <span class='ocrx_word' id='word_1_824' title='bbox 1372 2298 1515 2333; x_wconf 80' lang='grc' dir='ltr'>ἀνθρώπου</span> <span class='ocrx_word' id='word_1_825' title='bbox 1536 2298 1585 2333; x_wconf 79' lang='grc' dir='ltr'><strong>οὐχ</strong></span> <span class='ocrx_word' id='word_1_826' title='bbox 1606 2297 1807 2334; x_wconf 83' lang='grc' dir='ltr'>ὁμολογουμένου</span> <span class='ocrx_word' id='word_1_827' title='bbox 1827 2294 1851 2320; x_wconf 87' lang='grc' dir='ltr'><strong>ἐν</strong></span> 
     </span>
    </p>
   </div>
   <div class='ocr_carea' id='block_1_109' title="bbox 1089 2339 1850 2379">
    <p class='ocr_par' dir='ltr' id='par_1_109' title="bbox 1089 2339 1850 2379">
     <span class='ocr_line' id='line_1_110' title="bbox 1089 2339 1850 2379; baseline -0.004 -10"><span class='ocrx_word' id='word_1_828' title='bbox 1089 2343 1216 2379; x_wconf 83' lang='grc' dir='ltr'>Χριστῷ;</span> <span class='ocrx_word' id='word_1_829' title='bbox 1240 2343 1272 2369; x_wconf 80' lang='grc' dir='ltr'><strong>Τί</strong></span> <span class='ocrx_word' id='word_1_830' title='bbox 1293 2341 1338 2370; x_wconf 84' lang='grc' dir='ltr'>οὖν</span> <span class='ocrx_word' id='word_1_831' title='bbox 1355 2343 1419 2378; x_wconf 76' lang='grc' dir='ltr'>περὶ</span> <span class='ocrx_word' id='word_1_832' title='bbox 1436 2343 1485 2378; x_wconf 75' lang='grc' dir='ltr'>τῆς</span> <span class='ocrx_word' id='word_1_833' title='bbox 1503 2343 1592 2378; x_wconf 79' lang='grc' dir='ltr'>ψυχῆς</span> <span class='ocrx_word' id='word_1_834' title='bbox 1611 2344 1707 2379; x_wconf 81' lang='grc' dir='ltr'>ἐρεῖτε,</span> <span class='ocrx_word' id='word_1_835' title='bbox 1724 2344 1762 2370; x_wconf 79' lang='grc' dir='ltr'>ὅτι</span> <span class='ocrx_word' id='word_1_836' title='bbox 1774 2339 1850 2368; x_wconf 75' lang='grc' dir='ltr'>καὶτὸ</span> 
     </span>
    </p>
   </div>
   <div class='ocr_carea' id='block_1_110' title="bbox 1090 2384 1849 2424">
    <p class='ocr_par' dir='ltr' id='par_1_110' title="bbox 1090 2384 1849 2424">
     <span class='ocr_line' id='line_1_111' title="bbox 1090 2384 1849 2424; baseline 0.001 -9"><span class='ocrx_word' id='word_1_837' title='bbox 1090 2388 1170 2424; x_wconf 85' lang='grc' dir='ltr'>σῶμα</span> <span class='ocrx_word' id='word_1_838' title='bbox 1186 2388 1232 2415; x_wconf 82' lang='grc' dir='ltr'><strong>καὶ</strong></span> <span class='ocrx_word' id='word_1_839' title='bbox 1247 2388 1263 2423; x_wconf 81' lang='grc' dir='ltr'>ὴ</span> <span class='ocrx_word' id='word_1_840' title='bbox 1277 2388 1350 2423; x_wconf 76' lang='grc' dir='ltr'>ψυχὴ</span> <span class='ocrx_word' id='word_1_841' title='bbox 1363 2389 1386 2423; x_wconf 54' lang='grc' dir='ltr'><strong>ιό</strong></span> <span class='ocrx_word' id='word_1_842' title='bbox 1405 2387 1503 2421; x_wconf 70' lang='grc' dir='ltr'>ἔξωθέν</span> <span class='ocrx_word' id='word_1_843' title='bbox 1519 2389 1593 2415; x_wconf 78' lang='grc' dir='ltr'>ἐστιν</span> <span class='ocrx_word' id='word_1_844' title='bbox 1607 2388 1757 2424; x_wconf 80' lang='grc' dir='ltr'>ἄνθρωπος,</span> <span class='ocrx_word' id='word_1_845' title='bbox 1778 2387 1811 2416; x_wconf 78' lang='grc' dir='ltr'>ὡς</span> <span class='ocrx_word' id='word_1_846' title='bbox 1822 2384 1849 2411; x_wconf 73' lang='grc' dir='ltr'>ἂν</span> 
     </span>
    </p>
   </div>
   <div class='ocr_carea' id='block_1_111' title="bbox 1089 2452 1837 2491">
    <p class='ocr_par' dir='ltr' id='par_1_111' title="bbox 1089 2452 1837 2491">
     <span class='ocr_line' id='line_1_112' title="bbox 1089 2452 1837 2491; baseline -0.001 -10"><span class='ocrx_word' id='word_1_847' title='bbox 1089 2454 1170 2491; x_wconf 69' lang='lat' dir='ltr'><strong>Basji.</strong></span> <span class='ocrx_word' id='word_1_848' title='bbox 1188 2455 1243 2491; x_wconf 53' lang='lat' dir='ltr'><strong>hinc</strong></span> <span class='ocrx_word' id='word_1_849' title='bbox 1258 2454 1368 2491; x_wconf 61' lang='lat' dir='ltr'><strong>omittit,</strong></span> <span class='ocrx_word' id='word_1_850' title='bbox 1381 2455 1428 2482; x_wconf 81' lang='grc' dir='ltr'><strong>καὶ</strong></span> <span class='ocrx_word' id='word_1_851' title='bbox 1444 2452 1486 2491; x_wconf 63' lang='grc' dir='ltr'>εἷς</span> <span class='ocrx_word' id='word_1_852' title='bbox 1499 2455 1576 2491; x_wconf 70' lang='grc' dir='ltr'>ἐστιν</span> <span class='ocrx_word' id='word_1_853' title='bbox 1619 2454 1739 2491; x_wconf 83' lang='grc' dir='ltr'>Χριστός.</span> <span class='ocrx_word' id='word_1_854' title='bbox 1780 2486 1796 2491; x_wconf 84' lang='lat'><strong>__</strong></span> 
     </span>
    </p>
   </div>
   <div class='ocr_carea' id='block_1_112' title="bbox 1124 2486 1846 2527">
    <p class='ocr_par' dir='ltr' id='par_1_112' title="bbox 1124 2486 1846 2527">
     <span class='ocr_line' id='line_1_113' title="bbox 1124 2486 1846 2527; baseline -0.003 -11"><span class='ocrx_word' id='word_1_855' title='bbox 1124 2490 1179 2524; x_wconf 73' lang='lat'><strong>(52)</strong></span> <span class='ocrx_word' id='word_1_856' title='bbox 1201 2489 1313 2524; x_wconf 76' lang='lat' dir='ltr'><strong>Seguer.</strong></span> <span class='ocrx_word' id='word_1_857' title='bbox 1328 2489 1407 2527; x_wconf 73' lang='lat' dir='ltr'><strong>Colil.</strong></span> <span class='ocrx_word' id='word_1_858' title='bbox 1423 2495 1450 2527; x_wconf 84' lang='lat' dir='ltr'><strong>et</strong></span> <span class='ocrx_word' id='word_1_859' title='bbox 1467 2489 1585 2527; x_wconf 60' lang='lat' dir='ltr'><strong>F_elckm.</strong></span> <span class='ocrx_word' id='word_1_860' title='bbox 1600 2490 1625 2522; x_wconf 88' lang='grc'>1,</span> <span class='ocrx_word' id='word_1_861' title='bbox 1642 2486 1761 2527; x_wconf 58' lang='grc' dir='ltr'><strong>’τολμᾶτεΓ</strong></span> <span class='ocrx_word' id='word_1_862' title='bbox 1778 2486 1846 2514; x_wconf 84' lang='lat' dir='ltr'><strong>Editi.</strong></span> 
     </span>
    </p>
   </div>
   <div class='ocr_carea' id='block_1_113' title="bbox 1088 2523 1847 2560">
    <p class='ocr_par' dir='ltr' id='par_1_113' title="bbox 1088 2523 1847 2560">
     <span class='ocr_line' id='line_1_114' title="bbox 1088 2523 1847 2560; baseline -0.001 -10"><span class='ocrx_word' id='word_1_863' title='bbox 1088 2523 1179 2552; x_wconf 82' lang='lat' dir='ltr'><strong>minus</strong></span> <span class='ocrx_word' id='word_1_864' title='bbox 1205 2523 1288 2560; x_wconf 71' lang='lat' dir='ltr'><strong>recte,</strong></span> <span class='ocrx_word' id='word_1_865' title='bbox 1303 2524 1445 2560; x_wconf 83' lang='grc' dir='ltr'>τολμηταί.</span> <span class='ocrx_word' id='word_1_866' title='bbox 1467 2524 1529 2552; x_wconf 78' lang='lat' dir='ltr'><strong>Mox</strong></span> <span class='ocrx_word' id='word_1_867' title='bbox 1546 2526 1637 2556; x_wconf 88' lang='lat' dir='ltr'><strong>iidem,</strong></span> <span class='ocrx_word' id='word_1_868' title='bbox 1653 2524 1718 2551; x_wconf 83' lang='grc' dir='ltr'>Οὔτε</span> <span class='ocrx_word' id='word_1_869' title='bbox 1731 2523 1780 2558; x_wconf 81' lang='grc' dir='ltr'><strong>γὰρ</strong></span> <span class='ocrx_word' id='word_1_870' title='bbox 1793 2528 1847 2556; x_wconf 83' lang='grc' dir='ltr'>προ-</span> 
     </span>
    </p>
   </div>
   <div class='ocr_carea' id='block_1_114' title="bbox 1088 2559 1621 2595">
    <p class='ocr_par' dir='ltr' id='par_1_114' title="bbox 1088 2559 1621 2595">
     <span class='ocr_line' id='line_1_115' title="bbox 1088 2559 1621 2595; baseline 0.002 -10"><span class='ocrx_word' id='word_1_871' title='bbox 1088 2560 1210 2595; x_wconf 62' lang='grc' dir='ltr'><strong>φὴτηςηἶ</strong></span> <span class='ocrx_word' id='word_1_872' title='bbox 1224 2559 1286 2586; x_wconf 76' lang='grc' dir='ltr'>οὔτε</span> <span class='ocrx_word' id='word_1_873' title='bbox 1302 2559 1481 2591; x_wconf 75' lang='grc' dir='ltr'>ἀπόστολος...</span> <span class='ocrx_word' id='word_1_874' title='bbox 1495 2560 1555 2586; x_wconf 84' lang='grc' dir='ltr'>οὐδέ</span> <span class='ocrx_word' id='word_1_875' title='bbox 1571 2569 1621 2591; x_wconf 87' lang='grc' dir='ltr'>τις.</span> 
     </span>
    </p>
   </div>
   <div class='ocr_carea' id='block_1_115' title="bbox 1087 2592 1846 2656">
    <p class='ocr_par' dir='ltr' id='par_1_115' title="bbox 1087 2592 1846 2656">
     <span class='ocr_line' id='line_1_116' title="bbox 1087 2592 1846 2656; baseline -0.008 -35"><span class='ocrx_word' id='word_1_876' title='bbox 1087 2592 1103 2656; x_wconf 38' lang='grc' dir='ltr'><strong>ἀ</strong></span> <span class='ocrx_word' id='word_1_877' title='bbox 1120 2592 1180 2656; x_wconf 55' lang='lat'><strong>(5?)</strong></span> <span class='ocrx_word' id='word_1_878' title='bbox 1201 2594 1394 2630; x_wconf 73' lang='lat' dir='ltr'><strong>Seguerianus,</strong></span> <span class='ocrx_word' id='word_1_879' title='bbox 1407 2596 1439 2630; x_wconf 81' lang='grc' dir='ltr'><strong>τῇ</strong></span> <span class='ocrx_word' id='word_1_880' title='bbox 1453 2596 1536 2630; x_wconf 79' lang='grc' dir='ltr'>ψυχῇ.</span> <span class='ocrx_word' id='word_1_881' title='bbox 1550 2596 1579 2622; x_wconf 89' lang='lat' dir='ltr'><strong>ln</strong></span> <span class='ocrx_word' id='word_1_882' title='bbox 1596 2594 1688 2622; x_wconf 85' lang='lat' dir='ltr'><strong>eodem</strong></span> <span class='ocrx_word' id='word_1_883' title='bbox 1702 2600 1770 2624; x_wconf 71' lang='lat' dir='ltr'><strong>mox,</strong></span> <span class='ocrx_word' id='word_1_884' title='bbox 1784 2592 1846 2617; x_wconf 71' lang='grc' dir='ltr'>ἐςειν</span> 
     </span>
     <span class='ocr_line' id='line_1_117' title="bbox 1106 2637 1172 2656; baseline 0 0"><span class='ocrx_word' id='word_1_885' title='bbox 1106 2637 1150 2656; x_wconf 83' lang='lat' dir='ltr'><strong>ees</strong></span> <span class='ocrx_word' id='word_1_886' title='bbox 1166 2650 1172 2656; x_wconf 98' lang='lat'><strong>.</strong></span> 
     </span>
    </p>
   </div>
   <div class='ocr_carea' id='block_1_116' title="bbox 1106 2635 1843 2662">
    <p class='ocr_par' dir='ltr' id='par_1_116' title="bbox 1106 2635 1843 2662">
     <span class='ocr_line' id='line_1_118' title="bbox 1106 2635 1843 2662; baseline 0.007 -5"><span class='ocrx_word' id='word_1_887' title='bbox 1106 2635 1172 2657; x_wconf 83' lang='lat' dir='ltr'><strong>eest.</strong></span> <span class='ocrx_word' id='word_1_888' title='bbox 1839 2658 1843 2662; x_wconf 95' lang='lat'><strong>.</strong></span> 
     </span>
    </p>
   </div>
   <div class='ocr_carea' id='block_1_117' title="bbox 1124 2663 1844 2702">
    <p class='ocr_par' dir='ltr' id='par_1_117' title="bbox 1124 2663 1844 2702">
     <span class='ocr_line' id='line_1_119' title="bbox 1124 2663 1844 2702; baseline -0.004 -11"><span class='ocrx_word' id='word_1_889' title='bbox 1124 2665 1180 2702; x_wconf 68' lang='grc'><strong>(54)</strong></span> <span class='ocrx_word' id='word_1_890' title='bbox 1199 2663 1283 2702; x_wconf 66' lang='grc' dir='ltr'><strong>βάὶιί,</strong></span> <span class='ocrx_word' id='word_1_891' title='bbox 1295 2664 1445 2702; x_wconf 66' lang='grc' dir='ltr'>δύσφημον.</span> <span class='ocrx_word' id='word_1_892' title='bbox 1461 2663 1516 2702; x_wconf 73' lang='lat' dir='ltr'><strong>Nos</strong></span> <span class='ocrx_word' id='word_1_893' title='bbox 1613 2664 1795 2702; x_wconf 64' lang='lat' dir='ltr'><strong>secutisnmus</strong></span> <span class='ocrx_word' id='word_1_894' title='bbox 1806 2665 1844 2693; x_wconf 86' lang='grc' dir='ltr'>(ιιιι</span> 
     </span>
    </p>
   </div>
   <div class='ocr_carea' id='block_1_118' title="bbox 1088 2698 1843 2735">
    <p class='ocr_par' dir='ltr' id='par_1_118' title="bbox 1088 2698 1843 2735">
     <span class='ocr_line' id='line_1_120' title="bbox 1088 2698 1843 2735; baseline -0.003 -9"><span class='ocrx_word' id='word_1_895' title='bbox 1088 2698 1180 2732; x_wconf 74' lang='lat' dir='ltr'><strong>habet,</strong></span> <span class='ocrx_word' id='word_1_896' title='bbox 1197 2698 1357 2735; x_wconf 64' lang='grc' dir='ltr'>δυσφημεῖν,</span> <span class='ocrx_word' id='word_1_897' title='bbox 1374 2698 1401 2727; x_wconf 71' lang='lat' dir='ltr'><strong>et</strong></span> <span class='ocrx_word' id='word_1_898' title='bbox 1416 2701 1452 2726; x_wconf 87' lang='lat' dir='ltr'><strong>ita</strong></span> <span class='ocrx_word' id='word_1_899' title='bbox 1467 2698 1677 2735; x_wconf 22' lang='lat' dir='ltr'><strong>legitrNannius.</strong></span> <span class='ocrx_word' id='word_1_900' title='bbox 1695 2698 1767 2735; x_wconf 79' lang='lat' dir='ltr'><strong>lnf_r_a_</strong></span> <span class='ocrx_word' id='word_1_901' title='bbox 1781 2698 1843 2735; x_wconf 57' lang='grc' dir='ltr'>ξνεῃ</span> 
     </span>
    </p>
   </div>
   <div class='ocr_carea' id='block_1_119' title="bbox 1086 2729 1842 2795">
    <p class='ocr_par' dir='ltr' id='par_1_119' title="bbox 1086 2729 1842 2795">
     <span class='ocr_line' id='line_1_121' title="bbox 1086 2729 1842 2795; baseline -0.008 -34"><span class='ocrx_word' id='word_1_902' title='bbox 1086 2729 1310 2795; x_wconf 52' lang='grc' dir='ltr'><strong>Ξὰλορράνιαᾏίἀὶ</strong></span> <span class='ocrx_word' id='word_1_903' title='bbox 1321 2729 1356 2762; x_wconf 66' lang='grc' dir='ltr'><strong>τά</strong></span> <span class='ocrx_word' id='word_1_904' title='bbox 1370 2729 1508 2770; x_wconf 74' lang='grc' dir='ltr'>μέλλοντῶ</span> <span class='ocrx_word' id='word_1_905' title='bbox 1523 2733 1583 2762; x_wconf 79' lang='lat' dir='ltr'><strong>Mox</strong></span> <span class='ocrx_word' id='word_1_906' title='bbox 1598 2733 1675 2761; x_wconf 82' lang='lat' dir='ltr'><strong>Cobl.</strong></span> <span class='ocrx_word' id='word_1_907' title='bbox 1687 2738 1712 2760; x_wconf 89' lang='lat' dir='ltr'><strong>et</strong></span> <span class='ocrx_word' id='word_1_908' title='bbox 1727 2730 1806 2759; x_wconf 75' lang='lat' dir='ltr'><strong>Felelt.</strong></span> <span class='ocrx_word' id='word_1_909' title='bbox 1822 2729 1842 2756; x_wconf 82' lang='grc'><strong>1.</strong></span> 
     </span>
     <span class='ocr_line' id='line_1_122' title="bbox 1102 2778 1237 2795; baseline 0 0"><span class='ocrx_word' id='word_1_910' title='bbox 1102 2778 1118 2795; x_wconf 89' lang='grc' dir='ltr'><strong>α</strong></span> <span class='ocrx_word' id='word_1_911' title='bbox 1135 2778 1237 2795; x_wconf 73' lang='grc' dir='ltr'>ουντεε.</span> 
     </span>
    </p>
   </div>
   <div class='ocr_carea' id='block_1_120' title="bbox 1102 2769 1237 2797">
    <p class='ocr_par' dir='ltr' id='par_1_120' title="bbox 1102 2769 1237 2797">
     <span class='ocr_line' id='line_1_123' title="bbox 1102 2769 1237 2797; baseline 0.015 -2"><span class='ocrx_word' id='word_1_912' title='bbox 1102 2769 1237 2797; x_wconf 79' lang='grc' dir='ltr'>αλοῢντεε.</span> 
     </span>
    </p>
   </div>
   <div class='ocr_carea' id='block_1_121' title="bbox 1123 2778 1845 2840">
    <p class='ocr_par' dir='ltr' id='par_1_121' title="bbox 1123 2778 1845 2840">
     <span class='ocr_line' id='line_1_124' title="bbox 1123 2778 1845 2840; baseline -0.001 -10"><span class='ocrx_word' id='word_1_913' title='bbox 1123 2778 1348 2840; x_wconf 56' lang='grc' dir='ltr'><strong>ἳὲξῖτὲῖῖεηεσω.</strong></span> <span class='ocrx_word' id='word_1_914' title='bbox 1366 2804 1448 2833; x_wconf 84' lang='lat' dir='ltr'><strong>Paulo</strong></span> <span class='ocrx_word' id='word_1_915' title='bbox 1465 2809 1534 2840; x_wconf 86' lang='lat' dir='ltr'><strong>post,</strong></span> <span class='ocrx_word' id='word_1_916' title='bbox 1551 2804 1613 2840; x_wconf 57' lang='grc' dir='ltr'>εει.</span> <span class='ocrx_word' id='word_1_917' title='bbox 1627 2803 1702 2832; x_wconf 71' lang='grc' dir='ltr'>σθω.</span> <span class='ocrx_word' id='word_1_918' title='bbox 1717 2807 1742 2830; x_wconf 86' lang='lat' dir='ltr'><strong>et</strong></span> <span class='ocrx_word' id='word_1_919' title='bbox 1754 2795 1845 2829; x_wconf 65' lang='lat' dir='ltr'><strong>Fclc-L.</strong></span> 
     </span>
    </p>
   </div>
   <div class='ocr_carea' id='block_1_122' title="bbox 1087 2837 1323 2876">
    <p class='ocr_par' dir='ltr' id='par_1_122' title="bbox 1087 2837 1323 2876">
     <span class='ocr_line' id='line_1_125' title="bbox 1087 2837 1323 2876; baseline -0.004 -10"><span class='ocrx_word' id='word_1_920' title='bbox 1087 2840 1118 2866; x_wconf 86' lang='grc' dir='ltr'>Τί</span> <span class='ocrx_word' id='word_1_921' title='bbox 1128 2837 1177 2867; x_wconf 66' lang='grc' dir='ltr'>ὀὖν</span> <span class='ocrx_word' id='word_1_922' title='bbox 1192 2837 1323 2876; x_wconf 61' lang='grc' dir='ltr'>καῖ’περί.</span> 
     </span>
    </p>
   </div>
  </div>
