1954 3041
69 138 139 172 u‘n

545 141 683 170 CONTRA
703 139 969 168 APOLLINARIUM
985 139 1085 168 LIBER
1104 139 1242 168 PRIMUS.

1627 137 1696 166 “1.8

65 202 139 230 αἴτιοι
155 209 208 233 τις,
224 200 255 226 τὸ
273 197 342 235 αἷμα
361 201 409 226 καὶ
424 199 472 235 τὴν
487 199 593 234 σάρκα;
623 199 694 226 ’Λλλ“
719 198 815 234 ὥσπερ
829 198 856 224 τὸ

912 198 1034 226 animum
1058 198 1225 232 induxistis,
1250 197 1328 233 quasi
1355 205 1420 225 vero
1442 196 1470 224 in
1495 196 1621 224 confesso
1639 204 1694 224 non

67 246 148 283 σῶμα
164 247 210 273 καὶ
223 245 252 273 τὸ
266 243 335 281 αἷμα
346 246 377 272 οὺ
389 245 562 280 διαφεύγουσι
577 245 624 281 τὴν
639 244 795 280 ψηλάφησιν
808 245 856 271 καὶ

66 294 118 328 τὴν
128 292 229 328 τρῶσιν
243 291 330 327 ὁρατὰ
347 291 421 324 ὂντα,
436 291 540 323 δείξατε
559 292 624 326 ἡμῖν
641 291 688 317 καὶ
702 290 751 325 τὴν
768 290 856 325 ψυχὴν

67 338 107 374 μὴ
119 337 318 371 διαφεύγουσαν
331 336 427 369 ταῦτα,
441 336 488 363 καὶ
498 336 598 371 ὁρατὴν
612 333 703 362 οὖσαν.
720 335 765 366 Ἢ,
780 335 804 360 εἰ
819 335 855 370 μὴ

65 383 181 409 δύνασθε
195 382 297 414 δεῖξαι,
320 382 436 418 φανερός
450 383 524 408 ἐστιν
537 382 552 408 ὁ
564 381 653 415 λόγος,
667 382 709 408 ὅτι
720 380 783 407 οὔτε.
793 381 858 416 ὁρᾶ-

65 436 112 454 ται
122 427 205 462 ψυχὴ,
220 427 280 453 οὔτε
293 427 481 454 ἁποκτείνεται
497 426 549 453 ὑπὸ
560 426 703 462 ἀνθρώπου
719 426 813 462 ὥσπερ
826 425 857 452 τὸ

67 473 158 510 σῶρὶα,
176 473 266 505 καθὼς
281 473 391 508 εἴρηκεν
408 472 464 508 (56)
482 474 497 500 ὁ
517 473 629 509 Κύριος.
648 472 780 508 Πείσθητε
798 470 855 504 οὖν,

65 519 108 546 ὅτι
130 519 144 545 ὁ
161 518 262 545 ἔσωθεν
287 518 365 554 ἡμῶν
384 518 526 554 ἄνθρωπός
542 519 616 544 ἐστιν
631 519 648 554 ἡ
673 517 745 553 ψυχή
758 526 765 533 ⁸
780 516 857 544 τοῦτο

67 565 177 600 καὶτῆς
194 563 305 600 πρώτης
327 564 453 596 πλάσεως
466 564 652 599 δεικνυούσης,
669 563 717 590 καὶ
734 563 782 599 τῆς
795 563 855 590 δευ-

67 610 150 646 τέρας
166 609 314 641 διαλύσεως
330 609 476 645 δηλοὺσης·
503 610 533 636 οὐ
560 610 640 645 μόνον
655 610 698 644 ἐφ’
715 611 781 644 ἡμῖν
797 609 858 636 τού-

65 666 122 684 των
135 656 331 691 δεικνυμένων,
351 656 419 683 ἀλλὰ
436 657 483 682 καὶ
497 657 526 683 ὲν
541 655 615 691 αὑτῷ
630 655 670 690 τῷ
684 655 791 690 θανάτῳ
810 655 856 682 τοῦ

66 701 186 738 Χριστοῦ
199 702 333 729 ἐδείκνυτο
343 711 349 717 ·
367 702 397 728 τὸ
414 702 462 737 μέν
477 711 528 734 τοι,
543 702 622 738 μέχρι
636 701 722 736 τάφου
740 702 854 736 φθάσαν·

65 749 84 783 ἡ
98 748 137 780 δὲ,
153 748 233 784 μέχρι
252 748 316 784 ᾅδου
337 748 463 776 διαᾶᾶσα.
489 747 636 785 Διαιρετῶν
650 748 678 774 δὲ
697 748 781 774 ὄντων
802 748 856 775 τῶν

63 795 156 821 τόπων
172 795 261 830 πολλῷ
275 795 315 830 τῷ
331 795 432 830 μέτρῳ,
448 795 495 821 καὶ
509 794 556 821 τοῦ
575 795 623 830 μὲν
635 795 720 829 τάφου
739 804 857 830 σωματι-

66 840 119 876 κὴν
141 841 332 876 ἐπιδεχομένου
357 840 407 876 τὴν
434 840 577 873 ἐπίϐασιν,
604 841 694 867 ἐκεῖσε
714 841 804 876 παρῆν
827 841 857 867 τὸ

66 887 158 922 σῶμα,
172 887 220 914 τοῦ
233 887 260 914 δὲ
275 887 337 922 ᾇδου
351 886 505 922 ἀσώματον.

910 247 1010 276 esset,
1038 243 1195 271 interiorem
1224 247 1348 270 nostrum
1374 242 1512 269 hominem
1542 242 1568 268 in
1586 241 1696 269 Christo

911 296 972 316 esse
985 288 1070 320 ?,Cur
1087 289 1138 316 hoc
1147 288 1181 316 de
1197 288 1289 316 anima
1308 295 1417 323 quoque
1432 287 1585 322 loquimini,
1602 295 1697 322 nempe

913 343 1015 370 corpus
1040 339 1067 361 et
1093 335 1220 362 animam
1246 342 1307 362 esse
1326 333 1488 362 exteriorem
1505 334 1654 363 hominem.
1668 338 1699 361 ut

909 371 945 408 de
963 381 1098 416 sanguine
1109 385 1136 408 et
1151 388 1234 408 carne
1258 381 1321 415 quis
1338 379 1457 407 dixerit?
1474 379 1526 407 Sed
1550 380 1621 408 sicut
1637 388 1699 408 cor-

919 435 971 462 pus
987 431 1014 454 et
1032 427 1142 461 sanguis
1155 431 1309 454 contactum
1323 430 1351 453 et
1364 426 1477 453 vulnera
1497 433 1549 453 non
1567 426 1698 462 eﬂ‘ugiunt

917 481 980 501 cum
995 473 1052 500 sint
1072 473 1207 506 visibilia;
1227 473 1361 500 ostendite
1381 472 1460 500 nobis
1484 473 1602 502 animam
1633 480 1699 508 quo-

912 527 967 555 que
993 520 1041 547 illa
1064 527 1118 547 non
1148 520 1267 554 eirugere
1290 524 1317 546 et
1340 519 1473 547 visibilem
1495 527 1564 547 esse.
1596 521 1651 547 Aut
1674 521 1698 547 si

917 566 1061 594 ostendere
1075 574 1130 593 non
1145 567 1269 601 potestis,
1286 565 1461 593 manifestum
1485 570 1538 599 est,
1554 574 1643 601 neque
1657 567 1698 593 vi—

911 614 970 640 deri
999 613 1131 645 animam,
1148 621 1236 648 neque
1255 613 1289 640 ab
1312 613 1422 640 homine
1438 613 1508 640 sicut
1529 620 1628 647 corpus
1651 621 1698 640 oc-

913 659 968 686 cidi
986 666 1077 694 posse,
1097 663 1126 685 ut
1139 658 1208 686 dixit
1224 657 1364 685 Dominus.
1391 657 1499 685 Credite
1520 657 1604 692 igitur
1629 658 1698 685 inte-

914 705 1013 732 riorem
1028 709 1152 731 nostrum
1167 703 1305 731 hominem
1323 711 1384 731 esse
1394 703 1530 730 animam:
1544 703 1615 737 quod
1632 711 1698 730 sane

914 755 941 777 et
955 750 1042 785 prima
1059 749 1186 777 formatio
1208 749 1376 784 comprobat,
1394 753 1420 776 et
1445 756 1562 784 sequens
1576 749 1697 776 dissolu-

914 795 953 823 tio
980 796 1124 831 propalam
1153 795 1240 822 facit:
1267 799 1348 830 atque
1367 802 1422 822 non
1452 795 1540 822 solum
1559 794 1587 821 in
1606 794 1697 826 nobis,

913 841 960 869 sed
980 842 1046 868 etin
1074 841 1132 877 ipsa
1156 841 1260 869 Christi
1277 845 1366 869 morte
1392 841 1471 877 745
1487 841 1603 876 idipsum
1623 849 1699 869 com-

873 887 894 913 B
913 892 1099 915 monstratur:
1114 888 1225 922 quando
1238 895 1337 922 corpus
1362 887 1472 922 quidem
1487 895 1573 922 usque
1597 887 1630 914 ad
1652 895 1697 915 se-

64 933 193 968 pulcrum
212 938 316 961 tantum
334 933 458 970 pervenit
477 941 484 959 :
506 932 597 959 anima
621 939 686 960 vero
709 932 742 959 ad
769 931 904 960 infernum
931 941 1017 968 usque
1032 934 1225 961 transmeavit:
1252 933 1375 968 locisque
1389 933 1475 960 multo
1488 934 1577 968 spatio
1591 934 1698 961 distan-

65 981 150 1013 tibus,
167 981 322 1016 sepulcrum
340 981 449 1016 quidem
472 980 643 1015 corporalem
661 981 809 1008 adventum
834 981 951 1015 excepit,
979 989 1012 1008 ac
1035 981 1071 1008 ibi
1090 989 1190 1016 corpus
1209 980 1317 1014 adfuit,
1335 980 1459 1008 infernus
1484 987 1549 1008 vero
1571 981 1698 1015 incorpo-

64 1036 143 1056 reum
157 1029 276 1056 admisit.

102 1077 147 1104 M.
165 1077 227 1109 Πῶς
243 1077 299 1113 (57)
313 1078 372 1104 ἐκεῖ
383 1076 478 1112 παρὼν
491 1077 504 1104 ὁ
519 1077 622 1113 Κύριος
639 1077 801 1112 ἀσωμάτως,
818 1076 856 1108 ὡς

64 1123 210 1158 ἄνθρωπος
227 1122 357 1158 ἐνομίσθη
386 1123 438 1149 ὑπὸ
464 1122 511 1149 τοῦ
535 1123 668 1155 θανάτου;
699 1122 742 1148 ἵνα
756 1122 855 1157 ψυχαῖς

63 1169 125 1199 ταῖς
142 1169 172 1195 ὲν
183 1169 291 1203 δεσμοῖς
317 1168 523 1203 κατεχομέναις,
551 1166 657 1203 μορφὴν
682 1167 747 1198 ιδίας
768 1166 856 1202 ψυχῆς

64 1212 241 1240 ἀνεπίδεκτον
264 1213 302 1244 ὡς
317 1212 444 1247 δεκτικὴν
466 1211 520 1238 τῶν
534 1211 641 1247 δεσμῶν
669 1210 715 1237 τοῦ
740 1210 855 1237 Θανάτου

64 1259 262 1293 παραστήσας,
296 1257 435 1293 παροῦσαν
465 1257 633 1292 παρούσαις,
663 1256 796 1292 διαῤῥήξῃ
821 1255 854 1282 τὰ

63 1303 154 1340 δεσμὰ
167 1304 260 1339 ψυχῶν
270 1303 324 1330 τῶν
337 1305 366 1330 ὲν
379 1303 430 1340 ᾄδῃ
447 1303 648 1338 κατεχομένων,
666 1302 711 1329 τὸν
724 1303 771 1338 τῆς
790 1303 855 1328 ἁνα-

65 1350 189 1381 στάσεως
212 1349 412 1385 διαπηξάμενος
438 1349 515 1385 ὅρον¹
545 1348 588 1375 ἵνα
612 1349 626 1374 ό
656 1348 778 1383 πλάστης
809 1347 855 1374 καὶ

65 1396 182 1432 ποιητὴς
192 1396 239 1422 τοῦ
254 1395 409 1431 ἀνθρώπου,
428 1395 475 1422 καὶ
497 1394 629 1430 καταδίκῃ
649 1393 742 1420 τοῦτον
754 1393 856 1420 ὑποϐα-

65 1442 130 1474 λὼν,
147 1442 228 1474 αὐτὸς
240 1441 343 1477 παρὼν,
360 1441 529 1477 ἐλευθερώσῃ
544 1441 577 1467 δι’
588 1440 685 1467 ἑαυτοῦ
697 1439 726 1473 ἐξ
743 1439 856 1475 ὁλοκλή-

67 1497 115 1523 ρου
129 1488 175 1514 τὸν
187 1478 330 1523 ἄνθρωπον
348 1488 377 1514 ὲν
406 1488 496 1523 μορφῇ
518 1488 551 1522 τῇ
574 1485 681 1512 ἑαυτοῦ.
709 1484 778 1512 Οὔτε
800 1485 854 1522 γὰρ

67 1534 183 1565 θάνατος
197 1533 383 1569 ὐπερισχύσας
396 1533 553 1568 ὑπηγάγετο
579 1531 667 1566 ἑαυτῴ
685 1531 735 1566 τὴν
753 1531 857 1566 ἁνθρω-
870 1531 891 1559 C

67 1579 150 1614 πίνην
163 1579 211 1606 τοῦ
240 1580 326 1613 Λόγου
340 1579 396 1613 (58)
414 1579 503 1614 ψυχὴν
534 1578 574 1610 εἰς
591 1577 697 1612 δεσμῶν
726 1577 854 1612 κατοχὴν·

66 1626 130 1652 οὔτε
143 1625 222 1653 πάλιν
235 1626 252 1660 ή
266 1624 354 1660 φθορὰ
362 1623 529 1659 τυραννικῶς
545 1623 718 1658 διαρπάσασα
731 1622 760 1648 τὺ
778 1622 858 1656 σῶμα

67 1673 175 1707 ἐνεργεῖ
201 1672 239 1703 είς
259 1669 418 1706 διαφθορὰν,
446 1669 482 1701 ὡς
507 1669 682 1704 ἀπρονοήτων
697 1667 781 1694 ὅντων
803 1666 857 1694 τῶν

67 1717 250 1753 πραγμάτων.
263 1716 355 1748 Οὕτως
370 1716 423 1752 γὰρ
447 1717 546 1742 ἐννοεῖν
562 1716 593 1742 τὸ
617 1714 736 1742 τοιοῦτον
749 1714 855 1746 ἁσεδές·

66 1764 127 1791 ἀλλ’
143 1764 157 1789 ὁ
173 1763 223 1798 τὴν
247 1762 370 1795 ἐξέτασιν
386 1763 435 1798 τῆς
463 1762 604 1798 παρακοῆς
618 1760 800 1796 ποιησάμενος
811 1759 858 1786 καὶ

66 1810 159 1846 κρίσιν
172 1807 320 1843 ἐπαγαγὼν
333 1808 399 1843 (59),
408 1807 505 1842 διπλῆν
519 1807 569 1842 τῆς
586 1806 719 1842 τιμωρίας
731 1805 780 1841 τὴν
792 1805 859 1832 ἀπό-

67 1864 152 1890 φασιν
174 1854 283 1881 δέδωκε·
301 1853 342 1889 τῷ
359 1854 408 1889 μὲν
426 1853 513 1889 γηΐνῳ
538 1852 664 1888 εἰρηκώςι
682 1851 728 1886 Γῆ
749 1849 785 1883 εἴ,
807 1851 857 1878 καὶ

66 1903 112 1934 εὶς
125 1900 184 1936 γῆν
195 1900 361 1934 ἀπελεύσῃ·
381 1899 429 1926 καὶ
442 1898 528 1930 οὕτως
545 1898 705 1933 ὑποδέχεται
722 1897 810 1933 φθορὰ
826 1897 858 1924 τὸ

67 1949 149 1984 σῶμα
159 1969 166 1981 ,
180 1947 315 1974 Δεσπότου
329 1945 550 1981 ἀποφηναμένου·
562 1944 595 1979 τῇ
609 1943 637 1971 δὲ
647 1943 729 1978 ψυχῇ·
739 1941 859 1975 Θανάτῳ

67 1992 215 2027 ἀποθανῇ·
236 1992 283 2019 καὶ
301 1991 387 2023 οὓτως
408 1990 471 2026 διχῆ
495 1989 637 2024 διαιρεῖται
665 1989 679 2014 ό
706 1987 858 2022 ἄνθρωπος,

67 2039 116 2067 καὶ
133 2040 161 2066 ὲν
177 2039 237 2065 δυσὶ
250 2039 342 2069 τόποις
360 2035 480 2072 οἴχεσθαι
502 2033 710 2066 καταδικάζεται
728 2032 795 2068 (40).
809 2031 859 2058 Διὰ

66 2085 146 2113 τοῦτο
165 2084 244 2120 χρεία
276 2083 372 2118 γέγονε
403 2081 449 2108 τοῦ
470 2079 692 2116 ἀποφηναμένου,
714 2079 757 2105 ἵνα
777 2077 859 2109 αὐτὸς

67 2132 101 2159 δι’
117 2131 214 2158 ἑαυτοῦ
228 2130 298 2166 λύσῃ
313 2129 364 2165 τὴν
381 2127 477 2155 ἑαυτοῦ
494 2127 640 2161 ἀπόφασιν,
665 2126 693 2151 ὲν
708 2124 796 2160 μορφῇ
810 2122 857 2149 τοῦ

67 2177 312 2207 καταδικασθέντος
350 2173 559 2208 ἀκαταδικάστῳ
593 2172 640 2198 καὶ
675 2169 858 2205 ἀναμαρτήτῳ

67 2222 170 2258 ὀφθείς·
199 2222 242 2249 ἴνα.
263 2223 310 2249 καὶ
327 2222 344 2256 ὴ
367 2219 522 2255 καταλλαγὴ
548 2217 593 2246 τοῦ
625 2217 692 2244 Θεοῦ
720 2216 787 2251 πρὸς
810 2214 855 2242 τὸν
871 2208 893 2237 D

67 2268 210 2303 ἄνθρωπον
222 2267 343 2303 γένηται,
361 2266 409 2292 καὶ
424 2266 440 2301 ἠ
462 2263 601 2300 ἐλευθερία
622 2262 670 2289 τοῦ
689 2261 790 2292 παντὸς
809 2260 856 2287 ἁν-

68 2315 178 2351 θρώπου
194 2314 226 2341 δι’
240 2314 383 2350 ἀνθρώπου
400 2312 455 2348 (Μ)
472 2310 590 2347 ὑπάρξῃ,
619 2311 647 2336 ὲν
666 2310 700 2345 τῇ
716 2308 854 2343 καινότητι

105 2372 126 2387 ⁶¹
144 2371 212 2399 Gen.
226 2378 267 2404 lli,
280 2370 323 2397 l9.
363 2370 386 2385 ⁵³
397 2369 463 2396 Gen.
480 2375 510 2401 ll,
527 2367 570 2394 18.

106 2428 161 2490 (56)
182 2426 257 2463 Seg.,
274 2426 446 2467 προείρηκεν.
460 2424 522 2451 Mox
538 2423 680 2458 Anglican.
697 2421 759 2456 Seg.
775 2420 852 2448 Gobl.

118 2463 190 2490 (-km.
206 2463 234 2490 1.
245 2464 260 2489 ό
275 2462 328 2490 ἔσω
345 2463 422 2490 ἡμων
438 2460 589 2490 ἄνθρωπος.

69 2460 190 2490 Felrkm.
206 2460 234 2494 f,
245 2464 260 2489 ό
275 2460 328 2490 ιάω
345 2460 422 2497 ἡμῶν
438 2460 589 2495 ἄνθρωπος.

105 2498 160 2537 (57)
176 2497 382 2537 "lv:_(chuer._
391 2495 476 2537 δΞως)
493 2494 568 2537 ψυχῇ
578 2493 611 2528 τῇ
787 2499 855 2537 x2?-

69 2525 187 2569 εχόμένῃ
202 2525 289 2568 τούτῳ
301 2525 356 2558 τιοῦ
375 2525 472 2565 Ἀδὰμ’
483 2525 658 2568 sic
673 2525 786 2561 Seguer.
801 2525 855 2570 Go-

70 2569 128 2587 ιιιοιι
154 2573 179 2587 ιιι
195 2567 257 2587 πριιι
290 2567 313 2587 t,
334 2566 380 2587 εριι
401 2566 539 2587 mendose.
554 2568 584 2587 ut
601 2563 717 2587 Videtur.
730 2561 802 2587 Mox.
817 2569 855 2587 ωε

69 2563 138 2595 bler.
154 2563 316 2599 ei'Felc.'l,
334 2566 380 2594 sed
401 2563 540 2597 mendose,
554 2568 584 2590 ut
601 2563 717 2590 videtur.
730 2563 802 2594 Mox,
817 2563 855 2592 ὼς

69 2603 197 2638 δεκτικήν
205 2602 276 2639 quod
287 2602 315 2639 in
326 2600 523 2639 editisdeerat,
537 2606 570 2639 ei!
586 2597 682 2639 iisdem
697 2604 763 2639 mss.
777 2597 857 2636 resti-

70 2633 222 2677 tuimus',_et'
233 2638 273 2677 sic
286 2637 387 2677 legerat
402 2633 632 2677 Nannius.lifaulo
645 2636 717 2677 p35}:
729 2633 856 2677 ξαρουσα

71 2666 228 2710 παρουσῶν,
241 2673 282 2700 sic
297 2666 378 2700 iivdern
399 2677 467 2698 mss.
491 2666 719 2704 perperam.’Mox
729 2666 853 2702 Seguer.,

69 2707 162 2781 ᾇδῖἒξξ)
175 2743 230 2781 Τοῤ
248 2741 434 2781 ᾼόγουοεεδι.
452 2740 490 2781 in"
500 2738 584 2779 editis.
605 2737 854 2781 (ἓτιροίεεκσοξ-ειιῖ

70 2771 198 2819 primitur
214 2779 240 2806 in
254 2771 369 2810 Latinis,
381 2781 408 2803 et
428 2776 455 2802 in
474 2774 638 2809 Segueriauo
653 2772 776 2799 habetur.
794 2771 855 2799 M'ox

71 2815 142 2842 idem
166 2822 228 2842 cum
244 2813 352 2841 Gobler.
373 2816 400 2839 et
417 2810 535 2839 Felckm.
553 2808 609 2843 1,ἢ
627 2807 709 2834 πάλιν
720 2808 737 2843 ἡ
757 2807 852 2842 φθορά.

71 2808 142 2842 idem
166 2822 228 2842 cum
244 2813 352 2841 Gobler.
363 2808 400 2839 iet
417 2808 535 2839 Felckni.
553 2809 579 2841 1,
593 2808 609 2844 ἢ
627 2808 709 2834 πάλιν
720 2808 737 2843 ἡ
757 2808 852 2842 φθορά.

72 2848 133 2878 Mox
159 2846 379 2885 5υςιιοι·.·,αὺτοῠ
400 2846 430 2873 τὸ
447 2845 536 2881 σῶμα.
563 2843 629 2872 Ibid.
656 2850 749 2872 omnes
774 2849 852 2875 mss.,

946 1075 990 1102 14,
1004 1074 1062 1107 Qua
1083 1075 1188 1101 ratione
1201 1073 1293 1108 igitur,
1310 1080 1373 1100 cum
1386 1072 1517 1100 Dominus
1535 1072 1590 1100 illic
1605 1073 1697 1100 ineor-

911 1121 1041 1157 poraliter
1057 1121 1174 1153 adesset,
1191 1121 1274 1147 homo
1288 1123 1379 1146 tamen
1393 1127 1408 1146 a
1423 1124 1509 1146 morte
1523 1119 1696 1147 existimatus

909 1167 976 1196 est?
992 1172 1022 1194 ut
1039 1167 1182 1194 animabus
1195 1167 1222 1193 in
1238 1166 1354 1194 vinculis
1367 1166 1493 1196 detentis,
1510 1165 1626 1200 propriae
1637 1165 1695 1192 ani-

909 1222 961 1241 ma:
982 1213 1099 1241 formam
1110 1234 1117 1246 ,
1134 1213 1290 1247 incapacem
1305 1211 1474 1240 vinculorum
1489 1211 1585 1239 mortis
1595 1232 1602 1244 ,
1617 1211 1695 1246 quasi

909 1268 1036 1295 capacem
1050 1259 1191 1292 exhibens,
1207 1259 1385 1293 praesentibus
1399 1263 1571 1293 praesentem,
1586 1257 1694 1285 vincula

909 1308 1063 1334 animarum
1081 1306 1230 1333 in‘inferno
1249 1306 1420 1333 detentarum
1439 1305 1633 1339 disrumperct,
1649 1312 1694 1331 rc-

909 1353 1141 1387 surrectionisque
1155 1352 1302 1380 terminum
1321 1352 1476 1387 designaret
1494 1361 1501 1378 :
1517 1356 1546 1378 ut
1559 1351 1693 1383 conditor,

908 1403 936 1426 et
955 1398 1041 1426 factor
1056 1398 1186 1430 hominis,
1199 1402 1225 1425 et
1239 1397 1286 1432 qui
1299 1397 1438 1424 hominem
1450 1397 1618 1425 damnationi
1630 1397 1695 1424 sub-

907 1445 1026 1480 jecerat,
1043 1445 1101 1478 ipse
1112 1451 1230 1478 praesens
1247 1451 1296 1478 per
1308 1443 1428 1478 seipsum
1440 1465 1446 1476 ,
1461 1443 1597 1470 hominem
1615 1443 1694 1477 plane

909 1492 936 1518 in
948 1499 996 1519 sua
1006 1491 1092 1525 ipsius
1100 1490 1188 1517 forma
1200 1490 1336 1517 liberaret.
1349 1489 1524 1524 Nequaquam
1535 1489 1607 1516 enim
1620 1494 1694 1516 tanta

908 1538 1004 1565 mortis
1026 1537 1066 1564 vis
1082 1536 1133 1564 fuit
1146 1557 1154 1568 ,
1169 1541 1200 1564 ut
1219 1536 1367 1570 subiiceret
1381 1535 1433 1562 sibi
1448 1535 1597 1562 humanam
1611 1534 1693 1562 Verbi

907 1583 1038 1614 animam,
1052 1589 1084 1609 ac
1101 1589 1162 1608 eam
1178 1581 1208 1607 in
1223 1580 1339 1608 vinculis
1349 1579 1482 1607 detineret
1500 1588 1506 1606 :
1525 1587 1614 1614 neque
1628 1588 1692 1607 rur-

907 1635 967 1656 sum
991 1627 1131 1662 corruptio
1150 1626 1319 1662 tyranuicam
1337 1626 1364 1652 in
1382 1633 1480 1660 corpus
1494 1625 1554 1660 ejus
1567 1625 1622 1652 vim
1640 1625 1693 1653 sibi

907 1672 1044 1707 arrogavit
1055 1692 1062 1704 ,
1091 1676 1120 1698 ut
1136 1670 1315 1706 putrefaceret
1331 1670 1419 1705 ipsum
1433 1691 1441 1704 ,
1467 1671 1545 1705 quasi
1561 1678 1603 1697 res
1619 1670 1692 1698 nulla

907 1718 1077 1753 providentia
1090 1722 1258 1752 gererentur.
1288 1715 1327 1743 lta
1342 1716 1414 1743 enim
1425 1723 1457 1743 ea
1468 1716 1502 1743 de
1516 1723 1545 1743 re
1561 1715 1693 1750 cogitare,

908 1765 1020 1800 impium
1041 1764 1141 1796 fuerit;
1159 1764 1205 1791 sed
1229 1763 1276 1798 qui
1292 1763 1325 1790 de
1341 1763 1460 1790 hominis
1484 1762 1691 1797 inobsequentia

907 1810 1084 1844 qumstionem
1099 1809 1210 1841 habuit,
1232 1808 1364 1843 judicium
1381 1807 1472 1841 dedit,
1488 1815 1543 1843 quo
1555 1807 1691 1842 duplicem

907 1862 995 1889 poena:
1010 1853 1172 1881 sententiam
1189 1853 1315 1888 protulit,
1332 1857 1440 1880 terreno
1454 1853 1562 1887 corpori
1577 1854 1690 1881 dicens:

910 1901 990 1928 Terra
1011 1909 1037 1928 ea
1051 1921 1058 1934 ,
1075 1906 1099 1928 et
1115 1901 1143 1927 in
1160 1905 1256 1927 terram
1268 1900 1402 1927 reverteris
1414 1899 1435 1915 “
1451 1908 1458 1933 ;
1473 1904 1554 1934 atque
1570 1900 1606 1927 ita
1619 1920 1626 1933 ,
1638 1899 1693 1926 Do—

908 1947 984 1974 mino
1000 1946 1161 1975 sententiam
1179 1945 1297 1978 ferente,
1311 1946 1449 1981 corruptio
1463 1953 1564 1980 corpus
1575 1947 1690 1981 excipit;

908 1992 1006 2020 anima:
1019 1995 1120 2024 autem,
1138 1991 1223 2019 Morte
1239 1992 1359 2018 morieris
1371 1992 1392 2007 ⁸¹
1408 2001 1415 2025 ;
1432 1996 1459 2019 et
1474 1992 1513 2019 sic
1527 1992 1554 2018 in
1566 1992 1635 2020 duas
1651 1993 1692 2020 di-

907 2038 1009 2066 viditur
1024 2042 1113 2072 partes
1125 2037 1218 2070 homo,
1234 2036 1434 2071 damnaturque
1448 2036 1482 2063 ad
1497 2037 1551 2064 duo
1566 2037 1691 2065 secedere

908 2085 977 2112 loca.
992 2083 1126 2117 Quocirca
1139 2091 1208 2118 opus
1223 2082 1273 2110 fuit
1288 2083 1439 2118 iudicante,
1455 2088 1485 2110 ut
1497 2083 1554 2117 ipse
1568 2090 1616 2118 per
1631 2090 1692 2110 sese

908 2139 989 2158 suum
1010 2130 1126 2158 solveret
1141 2130 1278 2157 decretum
1291 2149 1299 2162 ,
1327 2130 1391 2156 dum
1406 2129 1433 2156 in
1453 2129 1540 2156 forma
1558 2130 1690 2162 damnati;

909 2177 1076 2210 indcmnata,
1089 2181 1116 2203 et
1128 2176 1231 2211 peccati
1244 2181 1354 2211 experte
1366 2166 1440 2204 visus
1452 2180 1509 2208 est;
1523 2180 1553 2203 ut
1563 2181 1589 2203 et
1600 2183 1692 2203 recon-

907 2221 1009 2249 ciliatio
1028 2220 1075 2248 Dei
1099 2228 1161 2248 cum
1188 2220 1298 2248 homine
1315 2220 1408 2253 ﬁeret,
1433 2224 1460 2247 et
1482 2219 1592 2246 libertas
1609 2219 1691 2246 totius

905 2267 1024 2294 hominis
1036 2273 1084 2301 per
1101 2266 1238 2293 hominem
1257 2266 1374 2293 oriretur
1388 2266 1415 2293 in
1431 2264 1550 2292 novitate
1565 2263 1691 2299 imaginis

907 2313 969 2340 Filii
983 2312 1042 2347 ejus
1053 2312 1116 2340 Jesu
1133 2311 1234 2340 Christi
1250 2311 1358 2339 Domini
1373 2311 1468 2339 nostri.
1496 2309 1571 2344 Quod
1586 2310 1608 2338 si
1624 2309 1690 2337 mihi

904 2423 1060 2459 διαφθορᾴν.
1074 2422 1157 2459 Editi2
1170 2422 1406 2459 Biaeopdemale.

942 2457 1124 2501 _(§9);Se§uer.
1137 2457 1289 2501 Goblner.'let
1302 2458 1401 2501 Fellck.
1411 2458 1437 2501 ί,
1451 2457 1601 2501 ὲχαγαγώγ.
1616 2458 1688 2501 Infra

906 2492 1157 2528 οιιίἰί,’ὺποδέχεται
1179 2492 1277 2528 φθορά,
1305 2493 1356 2528 sed
1374 2500 1426 2520 vox
1446 2492 1533 2526 φθοοά
1559 2494 1635 2521 abest
1661 2495 1688 2521 in

907 2528 1031 2563 Seguer.,
1050 2527 1100 2555 nec
1113 2527 1240 2562 expressa
1252 2531 1294 2555 est
1304 2535 1318 2555 a
1334 2527 1450 2563 Nannio.

942 2562 998 2598 (40)
1016 2563 1054 2590 lla
1071 2563 1184 2598 Seguer.
1197 2563 1305 2598 Gobler.
1320 2567 1346 2590 et
1365 2562 1436 2598 Felc.
1452 2563 1477 2589 Ι.
1495 2563 1565 2598 Edjti
1580 2571 1645 2591 vero
1661 2569 1689 2592 et

906 2598 964 2634 alii,
976 2597 1189 2634 amasium,
1204 2597 1276 2625 lnl‘ra
1292 2598 1397 2634 Anglic.
1412 2597 1522 2632 Seguer.
1539 2598 1647 2634 Gobler.
1661 2604 1689 2627 et

905 2633 978 2662 Felc.
995 2634 1021 2666 i,
1043 2632 1266 2665 ὰκαταδικάστως
1288 2633 1334 2660 καὶ
1353 2633 1560 2668 ἀναμαρτήτως.
1572 2633 1643 2661 Editi
1661 2639 1689 2662 et

906 2669 964 2700 alii;
977 2668 1185 2704 ἀκαταδικάστῳ
1205 2668 1251 2695 καὶ
1265 2668 1458 2704 ἀναμαρτήτῳ,
1474 2673 1588 2704 utraque
1609 2670 1689 2697 lectio

906 2704 1040 2740 quadrare
1055 2704 1172 2740 videtur.

943 2739 998 2775 (41)
1017 2738 1139 2775 Ηᾳξοκδϋ
1156 2737 1310 2775 ἀνθρωπου,
1328 2738 1435 2775 desunt.
1448 2739 1474 2766 in
1498 2739 1610 2774 Seguer.
1635 2739 1689 2766 Go-

907 2773 973 2802 blc‘r.
989 2773 1015 2802 et
1032 2774 1152 2801 Felckm.
1173 2774 1198 2800 1.
1213 2773 1271 2801 Mox
1288 2781 1382 2801 omnes
1399 2773 1454 2802 fere
1467 2773 1547 2808 mss;
1561 2775 1608 2802 τοῦ
1624 2774 1691 2802 Υἱοῦ

908 2809 989 2838 αὐτοῦ
1013 2809 1108 2844 Ἰησοῦ.
1122 2809 1206 2843 Editi,
1223 2809 1270 2835 τοῦ
1286 2808 1349 2835 Υἰοῦ
1363 2809 1408 2836 τοῦ
1426 2809 1522 2845 Ἰησοῦ.
