1954 3041
69 117 129 145 il‘ll

542 116 678 144 CONTRA
701 116 957 144 APOLLINARIUM
979 116 1080 144 LIBER
1098 115 1240 144 PRIMUS.

1626 114 1696 142 “22

67 174 165 208 κόσμου
180 173 273 198 τούτου
284 171 357 198 οὐδὲν
370 171 424 197 τῶν
436 170 531 197 ἑαυτοῦ
544 171 714 206 πραγμάτων
725 171 854 207 ηὕρισκεν

914 173 956 202 :iis
975 174 1085 208 reliquit
1103 173 1218 209 principi
1236 173 1329 200 mundi
1345 172 1437 207 hujus.
1450 172 1505 200 Aut
1515 171 1596 199 etiam
1613 180 1645 200 ea
1662 173 1697 201 do

67 222 94 247 ἐν
108 219 145 254 τῷ
162 217 281 253 Χριστῷ,
294 217 381 252 πολλῷ
398 217 496 252 μᾶλλον
525 218 539 243 ὁ
563 217 679 253 Χριστὸς
704 218 780 244 οὐδὲν
803 218 853 252 τῆς

68 266 132 297 ἰδίας
148 265 283 299 ποιήσεως
301 264 500 299 προσκατέλιπε
512 263 551 298 τῷ
562 264 671 299 ἄρχοντι
686 263 731 290 τοῦ
749 264 852 298 κόσμου

64 311 169 337 τούτου.
183 310 218 336 Ἦ
233 309 278 335 καὶ
289 308 332 335 διὰ
345 307 422 334 τοῦτο
431 308 508 335 οὐδὲν
518 308 647 344 ηὕρισκεν
662 309 690 335 ὲν
701 309 774 344 αὐτῷ
785 309 853 344 (50),

64 355 168 382 τελείαν
183 354 232 390 τὴν
251 353 396 389 καινότητα
423 354 628 389 ἐπιδειξαμένου
653 353 700 381 τοῦ
725 354 853 390 Χριστοῦ,

65 402 106 428 ἵνα
115 400 218 427 τελείαν
232 400 282 435 τὴν
296 399 433 435 σωτηρίαν
448 400 652 435 κατεργάσηται
668 400 728 427 ὅλου
744 400 792 426 τοῦ
808 401 855 427 ἀν-

65 446 284 483 θρώπου,ψυχῆς
311 445 423 481 λογικῆς
444 446 492 472 καὶ
516 446 652 481 σώματος,
669 447 712 473 ἵνα
734 445 854 482 τελείαῇ

64 494 110 520 καὶ
139 493 296 524 ἀνάστασις.
328 492 424 527 Μάτην
458 489 504 518 οῦν
530 493 663 527 Ἀρειανοὶ
687 493 853 528 σοφίζονται,

65 539 152 574 σάρκα
169 537 253 572 μόνην
268 537 457 572 ὑποτιθέμενοι
476 536 651 572 ἀνειληφέναι
670 538 715 565 τὸν
728 538 853 574 Σωτῆρα,

64 586 111 621 τὴν
126 584 154 611 δὲ
168 584 214 610 τοῦ
239 583 343 615 πάθους
368 583 461 618 νόησιν
475 583 521 610 ἐπὶ
548 583 597 619 τὴν
626 584 717 620 ἀπαθῆ
742 584 856 620 θεότητα

65 631 245 667 ἀναφέροντες
255 629 371 661 ἀσεϐῶς.
386 630 482 665 Μάτην
494 629 524 665 δὴ
539 631 585 657 καὶ
598 631 676 665 ὑμεῖς
690 631 750 657 καθ’
761 631 856 668 ἑτέραν

63 677 184 704 ἐπίνοιαν
203 676 269 712 (51),
281 675 315 702 τὰ
328 676 372 702 ἴσα
387 675 491 708 τούτοις
511 675 683 712 φρονοῦντες,
703 676 797 712 λέγετε
818 677 857 714 τῷ

64 723 218 759 περιέχοντι
237 723 366 758 σχήματι,
389 723 513 749 τουτέστι
529 722 567 758 τῷ
584 722 723 758 ὁργανικῷ
740 732 858 760 προσκε-

64 768 193 804 χρῆσθαι·
207 768 267 795 ἀντὶ
277 767 305 794 δὲ
322 767 369 794 τοῦ
381 767 482 795 ἔσωθεν
497 770 525 795 έν
548 770 614 804 ἡμῖν
628 769 782 805 ἀνθρώπου,
796 769 858 802 νοῦς

63 813 224 849 ἐπουράνιος
239 814 268 840 ὲν
283 812 406 849 Χριστῷ.
432 813 487 840 Καὶ
504 813 561 845 πῶς
579 812 613 849 ἧν
628 814 798 850 λυπούμενος
810 815 857 842 καὶ

907 228 988 247 causa
1010 220 1077 247 nihil
1093 220 1196 247 invenit
1214 219 1241 246 in
1269 219 1347 254 ipso,
1374 217 1521 253 perfectam
1549 218 1696 246 novitatem

905 265 1050 293 exhibente
1066 264 1175 292 Christo
1187 284 1195 298 ,
1214 269 1244 292 ut
1257 264 1404 299 perfectam
1418 264 1531 291 salutem
1550 264 1633 291 totius
1647 265 1697 292 ho-

905 311 987 338 minis
997 330 1004 342 ,
1022 311 1121 338 anima:
1138 317 1236 345 nempe
1251 314 1277 337 et
1290 311 1412 345 corporis
1425 330 1432 342 ,
1451 314 1610 344 operaretur
1623 319 1629 337 :
1643 317 1697 344 quo

905 356 1025 391 perfecta
1049 363 1158 391 quoque
1183 355 1253 383 foret
1277 355 1451 383 resurrectio.
1481 354 1594 382 Frustra
1615 354 1698 391 igitur

905 403 999 430 Ariani
1013 403 1128 438 argutiis
1141 406 1256 430 utuntur
1267 422 1275 435 ,
1300 401 1364 428 dum
1381 401 1550 428 Salvatorem
1563 421 1570 433 ,
1586 408 1698 428 carnem

907 449 992 476 solam
1007 447 1189 483 assumpsisse
1217 451 1359 479 statuunt,
1378 454 1410 474 ac
1429 447 1565 482 passionis
1588 454 1699 473 sensum

907 494 940 521 ad
965 493 1160 528 impassibilem
1177 493 1304 520 deitatem
1323 492 1405 527 impie
1422 491 1553 519 referunt.
1583 490 1699 518 Frustra

907 548 1016 575 quoque
1032 547 1091 572 vos,
1107 539 1161 566 alio
1173 542 1326 565 commento
1338 538 1391 569 usi,
1406 537 1480 572 paria
1492 544 1554 564 eum
1568 536 1621 564 illis
1637 544 1701 564 sen-

907 587 974 619 titis,
992 586 1127 616 dicentes.
1144 584 1233 619 ipsum
1250 591 1303 618 qua
1322 583 1542 611 circumdabatur
1556 581 1655 616 forma,
1671 581 1700 608 id

908 636 950 660 est
972 631 1102 666 organica
1131 640 1210 659 usum
1236 630 1321 658 fuisse
1339 639 1345 657 :
1361 629 1421 657 vice
1448 633 1538 656 autem
1559 628 1700 655 interioris

908 679 994 706 nostri
1009 677 1137 710 hominis,
1150 677 1290 705 cmlestcm
1304 681 1423 703 mentem
1437 675 1465 702 in
1479 674 1588 702 Christo
1602 673 1698 701 fuisse.

909 723 968 758 Quo
985 729 1063 759 pacto
1080 724 1161 760 igitur
1177 723 1295 756 dolebat,
1319 722 1417 749 anxius
1432 725 1500 753 erat,
1516 719 1699 756 precabatur?

910 770 1047 805 Scriptum
1071 774 1113 797 est
1132 769 1205 796 enim
1223 779 1230 796 :
1248 768 1283 795 Et
1302 768 1473 795 conturbatus
1488 772 1527 794 est
1543 769 1640 803 spiritu
1654 767 1702 795 Je-

909 824 953 843 tns
965 816 997 842 ".
1014 814 1077 843 Haec
1092 820 1181 842 autem
1195 822 1284 849 neque
1299 814 1390 841 carnis
1404 817 1494 840 mente
1510 813 1639 846 carentis,
1657 821 1704 840 ne-

62 846 204 896 ἀδημονῶν
214 880 221 892 ,
236 860 284 886 καὶ
301 846 536 896 προσευχόμενος;
558 846 624 892 κᾷι,
647 846 812 896 Ἐταδοάχάη
826 861 856 888 δὲ

914 869 962 896 lue
982 860 1159 887 immutabilis
1173 846 1282 887 deitatis
1294 858 1395 886 fuerint
1409 867 1415 885 :
1429 858 1475 886 sed
1490 858 1588 885 animae
1605 858 1690 892 intelli

62 905 103 938 τῷ
115 906 262 940 πνεύματι
277 907 293 932 ό
316 904 441 939 Ἰησοῦς,
454 905 620 941 γέγραπται.
644 906 735 934 Ταῦτα
748 907 777 934 δὲ
793 906 854 934 οὗτε

63 952 165 988 σαρκὸς
189 952 302 988 ἀνοήτου
330 951 363 978 ἂν
390 951 444 987 εἴη,
461 951 523 978 οὔτε
552 951 678 988 θεότητος
707 953 854 988 ἀτρέπτου,

909 907 997 943 gentia
1009 906 1137 942 prmditae,
1149 906 1277 937 dolentis,
1291 904 1471 937 conturbataz,
1486 905 1585 937 anxiae,
1599 910 1626 932 et
1642 913 1704 940 quae

908 960 970 981 cum
985 952 1160 987 intelligentia
1174 951 1330 986 passionem
1348 951 1476 979 senserit.

62 998 132 1025 ἀλλὰ
148 998 236 1034 ψυχῆς
263 998 355 1034 νόησιν
382 997 507 1034 ἐχούσης,
531 998 703 1034 λυπουμένης
719 999 786 1035 (52),
805 1001 852 1027 καὶ
872 993 1094 1036 ταραττομένης,
1114 999 1161 1026 καὶ
1175 997 1373 1034 ἀδημονούσης,
1393 998 1442 1024 καὶ
1458 998 1561 1034 νοητῶς
1577 997 1721 1034 έπαισθατ

61 1045 180 1080 νομένης
197 1045 243 1072 τοῦ
262 1045 374 1077 πάθους.

99 1090 145 1116 16.
163 1090 195 1116 Εἰ
211 1089 238 1116 δὲ
256 1089 345 1116 τοίνυν
362 1089 448 1117 ταῦτα
475 1089 547 1117 οὕτω
569 1092 640 1118 νοεῖν
667 1091 697 1118 οὐ
718 1091 856 1127 βούλεσθε,

944 1091 988 1119 16.
1005 1090 1084 1124 Quod
1101 1090 1124 1118 si
1143 1090 1199 1118 haec
1212 1089 1347 1117 sententia
1367 1097 1420 1117 non
1438 1089 1541 1125 placet,
1564 1097 1627 1117 cum
1651 1090 1703 1117 tria

61 1134 148 1170 τριῶν
184 1135 390 1170 προσκειμένων
427 1135 586 1171 νοημάτων,
623 1137 776 1172 φαντασίας
811 1138 858 1165 καὶ

914 1138 936 1165 in
953 1141 1079 1172 promptu
1094 1136 1149 1164 sint
1163 1143 1194 1163 ea
1209 1135 1242 1163 de
1257 1143 1286 1163 re
1307 1135 1422 1170 judicia,
1442 1135 1593 1169 phantasize
1603 1155 1611 1167 ,
1627 1136 1703 1163 blas-

63 1180 241 1216 βλασφημίας
269 1181 318 1207 καὶ
338 1180 478 1217 ἀληθείας,
511 1181 592 1208 ποίαν
616 1182 720 1209 ἕλοισθε
738 1182 785 1216 ἀν;
815 1183 858 1219 Τῷ

914 1183 1039 1219 phemiaz,
1058 1187 1085 1210 et
1102 1182 1241 1216 veritatis,
1267 1180 1407 1217 quodnam
1421 1182 1579 1213 elegeritis?
1595 1181 1663 1208 Nam
1681 1181 1705 1209 si

61 1228 118 1263 γὰρ
135 1227 257 1254 ὑπονοεῖν
269 1227 378 1263 δοκήσει
390 1227 557 1264 είρῆσθαιτά
566 1228 709 1265 εἰρημένα,
725 1229 858 1264 φαντασία

914 1229 1085 1265 suspicemini
1099 1229 1146 1256 illa
1157 1228 1190 1255 de
1205 1228 1263 1256 sola
1279 1231 1306 1255 et
1319 1235 1394 1254 mera
1409 1228 1500 1262 specie
1514 1228 1585 1255 dicta
1606 1227 1704 1261 fuisse,

62 1274 96 1300 ἂν
112 1273 255 1308 νομισθείη
273 1273 321 1299 καὶ
345 1273 379 1300 τὰ
395 1273 536 1309 γενόμενα.
563 1269 594 1300 Et
625 1274 652 1301 δὲ
679 1275 721 1302 ἐπ’
733 1275 858 1312 ἀληθείας

914 1283 942 1303 ea
960 1282 1021 1310 quae
1037 1279 1111 1311 gesta
1127 1278 1191 1302 sunt
1205 1274 1349 1309 phantasia
1363 1281 1473 1309 quoque
1489 1274 1641 1301 existimari
1656 1274 1704 1302 de-

63 1319 185 1355 εἴρηται,
198 1318 324 1354 ἀλλοτρία
336 1319 365 1345 δὲ
383 1318 439 1356 (55)
468 1319 582 1347 καθόλου
608 1321 625 1356 ὴ
640 1320 714 1356 ψυχὴ
729 1320 777 1348 τοῦ
805 1321 858 1348 Κυ-

914 1321 978 1350 bent
991 1331 998 1348 :
1011 1322 1054 1349 sin
1075 1325 1164 1348 autem
1191 1320 1219 1347 in
1237 1320 1351 1347 veritate
1374 1319 1446 1347 dicta
1463 1320 1535 1352 sint,
1561 1319 1707 1355 alienaque

65 1364 125 1400 ρίου
143 1364 262 1398 ἐγεγόνει
291 1365 341 1399 τῆς
362 1365 428 1398 ιδίας
456 1365 587 1402 νοήσεως,
612 1366 678 1393 Θεὸν
703 1366 749 1393 τὸν
776 1367 858 1402 Λόγον

914 1367 1027 1396 omnino
1041 1366 1113 1394 facta
1129 1370 1170 1394 est
1186 1366 1278 1393 anima
1291 1365 1399 1393 Domini
1417 1373 1431 1392 a
1443 1366 1554 1400 proprio
1567 1366 1706 1401 cogitandi

63 1411 166 1446 ἔχουσα
177 1410 249 1442 νοῦν,
267 1410 417 1447 τετράφθαι
446 1411 477 1438 τὸ
493 1412 627 1448 ἄτρεπτον
645 1413 686 1444 είς
698 1412 799 1448 λύπην,
815 1413 858 1440 καὶ

914 1414 1005 1445 modo,
1022 1421 1083 1441 cum
1098 1412 1157 1440 vice
1175 1412 1274 1440 mentis
1290 1411 1375 1440 Deum
1387 1411 1506 1439 Verbum
1521 1411 1620 1440 habeat
1632 1421 1638 1445 ;
1652 1411 1706 1438 im-

63 1456 225 1492 ἀδημονίαν,
242 1456 289 1483 καὶ
306 1456 427 1492 ταραχὴν
444 1457 512 1492 (54),
529 1457 559 1484 τδ
571 1459 671 1485 ἐννοεῖν
682 1459 780 1491 ἀσεϐές
792 1460 860 1486 ἐστι·

914 1459 1072 1487 mutabilem
1099 1466 1208 1486 versum
1224 1458 1309 1486 fuisse
1324 1459 1351 1486 in
1376 1458 1510 1491 dolorem,
1528 1459 1706 1491 anxietatem,

63 1502 118 1529 κᾶν
134 1501 202 1538 λέγῃ
227 1502 262 1528 τὰ
288 1502 452 1537 Εὐαγγέλια,
479 1503 521 1530 ὅτι
551 1503 712 1539 Ἐταρὰχθη
744 1505 858 1539 Ἰησοῦς

914 1510 937 1534 et
952 1505 1194 1541 perturbationem,
1210 1505 1323 1540 impium
1337 1511 1378 1533 est
1391 1505 1520 1540 cogitare.
1533 1504 1567 1532 Et
1580 1505 1602 1532 si
1614 1503 1706 1532 Evan-

63 1548 106 1580 τῷ
120 1549 277 1583 πνεύματι·
296 1548 364 1576 ἀλλά
376 1548 497 1576 δείκνυσι
521 1549 566 1577 τὸν
581 1550 642 1577 νοῦν
662 1550 718 1586 (55)
732 1552 746 1578 ὁ
758 1551 859 1588 Κύριος

62 1593 196 1630 εἰρηκώς·
232 1595 260 1622 Η
275 1594 361 1629 ψυχή
385 1603 445 1629 μου
466 1594 650 1630 τετάρακται.
680 1597 711 1623 El
728 1597 760 1632 δὴ
772 1597 860 1633 ψυχῆς

64 1640 138 1671 ιδίας
149 1639 240 1675 νόησιν
256 1641 270 1667 ό
285 1640 388 1676 Κύριος
404 1641 599 1674 ἐπιδείκνυται,
621 1644 662 1675 είς
689 1644 860 1680 συμπάθειαν

60 1687 116 1722 τῆς
131 1687 270 1723 ἡμετέρας
283 1686 383 1723 ψυχῆς,
397 1688 442 1715 ἵνα
457 1688 528 1715 οὕτω
551 1689 600 1716 καὶ
624 1690 707 1717 αὑτοῦ
720 1691 861 1727 νοήσωμεν

61 1731 137 1759 εἶναι
154 1732 208 1767 (56)
220 1733 251 1759 τὸ
275 1733 371 1765 πάθος,
389 1734 436 1761 καὶ
461 1734 542 1761 αὐτὸν
559 1734 651 1770 ἅπαθῆ
675 1736 859 1772 ὁμολογῶμεν.

63 1778 174 1814 Ὠσπερ
185 1778 238 1814 γὰρ
250 1778 288 1814 τῷ
304 1779 399 1815 αἵματι
416 1780 464 1815 τῆς
477 1781 577 1815 σαρκὸς
594 1780 675 1807 αὑτοῦ
692 1781 862 1817 ὲλυτρώσατο

61 1825 153 1860 ἡμᾶς,
169 1824 239 1852 οὕτω
250 1825 297 1852 καὶ
313 1827 345 1861 τῇ
361 1826 451 1861 νοήσει
463 1826 512 1861 τῆς
529 1826 617 1862 ψυχῆς
631 1827 712 1854 αὐτοῦ
724 1827 772 1863 τὴν
785 1829 862 1864 νίκην

62 1871 140 1907 ὑπὲρ
163 1871 241 1906 ἡμῶν
267 1871 461 1903 ἐπιδείκνυται,
487 1872 584 1906 λέγων’
620 1873 694 1908 Ἐγὼ
719 1874 863 1907 νενίκηκα

60 1917 121 1943 τὸν
130 1917 257 1952 κόσμον
280 1919 327 1944 καὶ
340 1917 455 1953 ἀλλαχοῦ
480 1917 517 1944 δέ·
535 1918 649 1945 Διόόντι
663 1919 718 1954 (57)
744 1919 815 1954 ἡμῖν
829 1920 862 1946 τὸ

61 1962 162 1995 νῖκος.
185 1962 254 1990 Ἀλλ’
281 1963 377 2000 ὥσπερ
407 1963 439 1990 τὸ
468 1961 539 1999 αἷμα
564 1964 614 1990 οὐκ
631 1963 664 1991 ἂν
689 1965 778 1991 κοινὸν
806 1966 863 1996 τοῖς

61 2008 195 2035 εὐσεὸέσι
210 2009 330 2046 νοηθείη,
341 2010 435 2046 ὥσπερ
460 2011 516 2042 τοῖς
544 2010 678 2044 ἀπίστοις,
695 2010 763 2037 ἀλλὰ
778 2010 863 2046 σωτή-

63 2062 138 2089 ριον·
157 2053 243 2087 οὕτως
259 2055 306 2082 καὶ
325 2056 342 2092 ἡ
359 2056 450 2092 νόησις
473 2057 617 2092 λεγομένη.
639 2057 689 2083 οὐκ
707 2056 863 2093 ἀνθρωπίνῃ

60 2099 198 2136 ἀσθενείᾳ
222 2102 400 2138 περικειμένη
422 2102 489 2138 (58),
508 2102 575 2130 ἀλλὰ
597 2101 665 2129 Θεοῦ
695 2101 776 2137 φύσιν
800 2103 861 2129 ἑπι-

60 2143 242 2182 δεικνυμένη.
258 2147 312 2174 Καὶ
327 2147 414 2180 οὕτως
437 2148 470 2175 ἃν
491 2148 596 2184 λέγοιτο
612 2148 715 2180 τέλειος
727 2148 793 2180 Θεὸς
815 2148 863 2175 καὶ

60 2190 173 2222 τέλειος
197 2191 338 2229 ἄνθρωπος
349 2194 363 2220 ὀ
375 2193 500 2230 Χριστός·
516 2194 565 2231 οὐχ
590 2194 629 2226 ὡς
650 2195 699 2230 τῆς
712 2193 806 2229 θεῖκῆς
820 2202 863 2220 τε-

912 1551 980 1586 gelia
996 1550 1087 1577 dicant
1101 1559 1108 1577 :
1126 1549 1259 1576 Turbatus
1272 1554 1311 1576 est
1325 1549 1403 1577 Iesus
1426 1550 1544 1584 spiritu;
1572 1549 1598 1576 id
1616 1554 1707 1577 tamen

911 1597 1031 1624 declarat
1044 1596 1175 1623 Dominus
1186 1596 1219 1623 de
1230 1596 1319 1622 anima
1333 1595 1535 1630 intelligendum
1555 1602 1627 1627 esse,
1641 1595 1706 1623 dum

911 1643 949 1670 ait
966 1652 973 1670 :
988 1643 1086 1669 Anima
1105 1650 1161 1668 mea
1177 1641 1283 1668 turbata
1295 1646 1332 1668 est
1344 1641 1376 1669 ".
1404 1641 1481 1674 Quod
1497 1641 1520 1668 si
1537 1649 1593 1669 sua:
1610 1640 1706 1669 Domi-

912 1697 966 1716 nus
983 1688 1081 1715 anima:
1096 1687 1288 1723 cogitationem
1303 1686 1471 1719 manifestat,
1488 1687 1515 1714 id
1532 1687 1589 1722 agit
1606 1692 1635 1714 ut
1648 1687 1708 1714 ani-

912 1743 964 1762 mae
977 1739 1078 1762 nostrae
1091 1741 1151 1762 sese
1171 1738 1331 1769 attemperet
1347 1743 1353 1760 :
1369 1741 1424 1769 quo
1446 1734 1486 1761 sic
1500 1738 1528 1761 et
1543 1734 1604 1769 ejus
1626 1733 1706 1761 intel-

913 1781 1029 1816 ligamus
1046 1780 1201 1816 passionem
1215 1800 1223 1814 ,
1246 1783 1273 1807 et
1286 1787 1348 1806 eum
1364 1779 1559 1815 iinpassibilem
1575 1779 1707 1807 confitea-

913 1835 984 1854 mur.
1000 1826 1076 1854 Sicut
1093 1827 1164 1854 enim
1181 1826 1314 1862 sanguine
1327 1826 1418 1853 carnis
1429 1833 1485 1854 suae
1500 1833 1552 1853 nos
1567 1825 1682 1853 redemit
1697 1836 1704 1853 :

913 1873 953 1900 sic
967 1873 1130 1908 cogitatione
1148 1872 1247 1899 mentis
1260 1879 1316 1899 sua:
1327 1892 1334 1905 ,
1358 1879 1440 1906 quam
1453 1879 1502 1906 pro
1518 1871 1597 1899 nobis
1612 1879 1707 1907 repor-

913 1918 1132 1945 taritvictoriam
1151 1918 1194 1946 his
1212 1918 1333 1945 declarat
1357 1917 1448 1945 verbis
1464 1926 1471 1944 :
1490 1916 1547 1952 Ego
1562 1917 1612 1944 vici
1629 1911 1704 1944 utun-

913 1964 976 1990 dum
986 1964 1026 1997 '9;
1043 1968 1069 1991 et
1084 1963 1149 1991 alibi
1163 1973 1168 1991 :
1190 1964 1242 1996 Qui
1257 1964 1330 1991 dedit
1346 1963 1420 1991 nobis
1435 1964 1575 1991 victoriam
1589 1964 1621 1990 θ’.
1653 1962 1706 1991 Sed

913 2010 984 2038 sicut
996 2009 1108 2045 sanguis
1128 2010 1174 2037 ille
1196 2017 1244 2046 pro
1260 2010 1364 2046 vulgari
1376 2018 1392 2037 a
1403 2010 1455 2045 piis
1468 2009 1624 2037 hominibus
1635 2017 1706 2037 nun-

913 2064 995 2092 quam
1007 2056 1116 2084 habitus
1129 2057 1219 2088 fuerit,
1228 2056 1300 2092 quod
1313 2061 1402 2084 tamen
1415 2056 1538 2084 inﬁdeles
1546 2061 1704 2089 autumant,

914 2103 961 2130 sed
976 2110 1026 2138 pro
1040 2102 1153 2130 salutari
1171 2103 1320 2138 sanguine;
1348 2101 1390 2131 sic
1408 2111 1485 2130 mens
1506 2102 1551 2130 illa
1581 2110 1636 2129 non
1655 2103 1706 2129 hu-

914 2156 994 2175 mana
1010 2148 1167 2176 infirmitate
1187 2149 1310 2176 induitur
1321 2169 1328 2182 ,
1355 2148 1434 2185 747
1453 2149 1500 2177 sed
1515 2148 1563 2176 Dei
1578 2153 1704 2177 naturam

914 2194 1034 2222 exhibet.
1051 2193 1151 2230 Sicque
1169 2194 1302 2223 dicendus
1317 2194 1399 2223 fuerit
1415 2195 1552 2228 Christus,
1567 2194 1705 2230 perfectus

106 2252 130 2267 "
144 2251 224 2281 Joan.
241 2261 279 2287 ιι,
294 2253 338 2280 55.
378 2253 399 2269 ⁸⁷
415 2253 494 2281 Joan.
508 2261 557 2287 xu,
571 2253 617 2280 *27.
655 2254 677 2269 °"
693 2252 773 2280 Joan.
786 2253 858 2286 xvr,i

940 2252 962 2268 "
978 2251 990 2279 l
1004 2252 1068 2280 Cor.
1084 2260 1130 2287 xv,
1146 2252 1190 2281 57.

103 2310 164 2346 (50)
179 2310 227 2346 Sic
248 2310 359 2346 Seguer.
383 2310 491 2338 Gobler.
514 2315 541 2338 ct
558 2310 628 2338 Felc.
648 2311 674 2338 1.
689 2309 763 2346 rEditi
784 2318 858 2341 vero.

63 2345 172 2381 ἑαυτῷ.
187 2345 259 2381 Infra
278 2345 305 2373 in
323 2345 437 2381 Seguer.
451 2346 564 2381 λογικῆς
583 2346 668 2373 deest.
686 2345 771 2381 Paulo
785 2350 857 2380 post,

63 2379 185 2413 Seguer.
206 2380 313 2416 Gobler.
334 2379 859 2416 οιἚθΙο.1,σοφίζωνταιηΕιίὶῑίζφαν-

59 2416 207 2452 τάξονται.
222 2414 282 2452 Mor
295 2416 364 2452 haec,
380 2414 550 2452 ἀνειληφέναι
562 2416 607 2443 τὸν
623 2415 748 2451 Σωτῆρα,
761 2414 860 2444 deSunt

61 2452 94 2480 in
111 2450 209 2478 iisdem
224 2451 374 2478 codicibus.

108 2485 263 2521 (51)Ει1ἰῑὶ,
277 2486 415 2518 ἀπόνοιαν,
433 2491 461 2514 at
475 2485 586 2521 Seguer.
603 2485 685 2513 Basil.
703 2485 812 2513 Gobler.
830 2491 857 2514 et

60 2521 331 2557 Felc,_l,_cn£30tav,
345 2525 372 2549 et
389 2521 425 2557 ita
439 2522 502 2557 legit
515 2520 655 2557 Nannius.

104 2555 166 2593 (52)
187 2555 233 2593 Sic
250 2555 362 2593 Seguer.
387 2555 497 2593 Gobler.
519 2561 546 2584 et
569 2555 641 2593 Fele.
664 2556 688 2583 1.
712 2555 742 2593 In
767 2555 858 2593 editis,

59 2590 254 2627 λυπουμένην,
270 2590 317 2617 κάι
329 2591 533 2627 ταραττομένην
546 2592 593 2618 καὶ
605 2591 655 2627 ἀδη
660 2590 740 2627 μονοῦ
745 2599 802 2623 παν,
814 2592 860 2618 καὶ

59 2626 176 2662 νοητῶς
192 2626 434 2662 ἐπαισθανομένην.
449 2626 524 2654 ⁷Ιὺίίι.
550 2627 630 2662 iidem
650 2626 762 2662 codices
782 2626 864 2654 omit-

59 2661 145 2693 tunt,
162 2663 186 2688 εί
208 2661 247 2693 δέ,
271 2661 349 2696 cujus
372 2661 432 2689 loco
451 2662 566 2692 habent.
591 2661 651 2688 κᾶν.
677 2661 758 2688 lidem
786 2669 860 2693 mox,

59 2696 164 2737 Τριῶν
174 2696 263 2737 τοίνυν
275 2696 461 2737 προκειμένων
472 2697 624 2737 νοημάτων.
639 2696 667 2737 In
680 2697 759 2737 editis
768 2697 861 2737 deest,

58 2731 163 2759 τοίνυν
181 2735 208 2759 et
230 2731 383 2767 νοημζάτωνζ
413 2731 474 2759 Mox
503 2731 583 2760 iidem
607 2733 668 2759 cod.
693 2731 796 2758 ἕλοισθε
817 2732 860 2759 ἄν.

59 2767 145 2794 Editi
162 2775 234 2798 vero,
251 2767 284 2793 ἂν
300 2767 402 2794 ἕλεσθε.

103 2801 218 2836 (55)1ιο
243 2801 355 2836 Seguer.
374 2802 483 2830 Gobler.
509 2806 535 2829 et
560 2801 632 2829 Felc.
650 2802 675 2830 1.
699 2801 771 2828 Eliti
797 2810 861 2829 vero

58 2845 136 2866 cum
153 2838 229 2871 aliis,
244 2837 274 2864 Εἰ
290 2837 318 2863 δὲ
336 2838 364 2864 ὲν
377 2836 488 2873 ἀληθεία
505 2837 626 2872 εἴρηνται
640 2837 686 2864 καὶ
709 2837 861 2871 γεγόνασιν,

913 2310 1041 2339 ἀλλότρια
1057 2312 1096 2339 δέ.

948 2320 1137 2383 ίὲ-ἷςιέεέῗθιι.
1155 2345 1264 2374 Gobler.
1281 2349 1308 2383 et
1321 2344 1437 2383 Felcal,
1459 2343 1650 2383 ταράττεσθαι.
1661 2345 1704 2383 _At

912 2381 976 2408 editi
994 2378 1021 2409 et
1035 2378 1081 2409 alii
1098 2389 1179 2413 mss.,
1198 2380 1338 2416 ταραχήν,
1356 2380 1462 2416 melius,
1478 2378 1568 2416 (ethita‘
1579 2378 1704 2416 Nannius

912 2416 985 2451 legit.
1002 2416 1065 2444 Mox
1077 2413 1246 2448 Basiliensis',
1262 2413 1310 2442 καὶ
1324 2415 1349 2442 εί
1365 2415 1439 2450 λέγει
1452 2413 1580 2451 τάξ-ἰδία,
1592 2414 1701 2443 Gobler.

909 2448 1023 2480 etvFelc.
1040 2453 1066 2484 l,
1079 2452 1110 2478 τὺ
1124 2451 1302 2486 Εὑαγγέλιονἰ
1311 2455 1339 2478 et
1354 2450 1390 2477 ita
1402 2448 1474 2486 Vlegit
1487 2448 1621 2486 Nannius.

957 2487 1001 2520 55)
1015 2483 1069 2514 Τὸν
1085 2486 1147 2514 νοῦν
1160 2483 1235 2514 deest
1250 2486 1277 2513 in
1288 2484 1400 2520 Seguer.
1410 2483 1518 2513 Gobler.
1532 2489 1559 2511 et
1572 2483 1662 2512 Felek.
1676 2485 1701 2512 ί.

958 2521 1002 2557 56)
1020 2521 1098 2550 Εῐναι
1113 2523 1189 2557 deest
1209 2522 1236 2548 in
1255 2521 1432 2557 Segng-iano,

957 2554 1001 2592 57)
1016 2557 1142 2594 Seguer..
1155 2556 1264 2594 Gobler.
1285 2554 1401 2594 e’tfelc.
1418 2556 1431 2582 1
1443 2575 1452 2588 ,
1465 2554 1504 2590 τῷ
1522 2554 1606 2594 δόνει-ιἶ
1622 2554 1700 2594 T_e_xt.

910 2590 997 2628 om;
1015 2590 1114 2628 Script.
1135 2592 1175 2627 τῷ
1193 2591 1305 2628 διδόντα
1318 2590 1440 2628 Vulgata
1455 2600 1468 2628 :_
1481 2590 1527 2628 gui
1543 2590 1701 2628 deditillox

919 2625 1084 2663 Seguer.,_od
1100 2625 1188 2655 κοινὸν
1204 2629 1261 2660 τοῖς
1281 2625 1416 2654 εὐσεϐέσι.
1433 2625 1544 2658 Ibidem,
1558 2626 1698 2661 Anglican.

912 2662 1052 2699 νομισθείη
1064 2671 1114 2698 pro
1127 2662 1247 2698 νοηθείη.

947 2695 1004 2735 (58)
1020 2695 1143 2735 segem
1157 2695 1219 2735 dux»
1230 2695 1406 2735 ἀνθρωπίνην
1433 2695 1587 2735 ἀσθένειαν,
1605 2695 1699 2735 infra.

912 2731 980 2765 lucc,
996 2731 1048 2761 ’καὶ
1058 2731 1151 2766 οὕτως
1166 2733 1198 2760 ἂν
1214 2731 1319 2767 λέγοιτο
1342 2731 1461 2763 τέλειος,
1486 2736 1551 2767 etc.,
1568 2732 1702 2759 habentur

912 2770 982 2831 29ml
1001 2769 1144 2831 Pontium
1162 2766 1275 2805 Byzant.
1295 2768 1341 2796 lib.
1365 2776 1373 2795 ι
1394 2771 1486 2794 contra
1509 2766 1663 2795 Nestorium
1675 2772 1700 2794 ct

939 2809 1059 2831 umore".

939 2813 1059 2840 urycnen.
