1954 3041
105 131 175 159 M25

579 128 719 156 CONTRA
740 127 1000 156 APOLLINARIUM
1020 128 1122 156 LIBER
1144 129 1284 157 PRIMUS.

1660 127 1730 156 1126

104 186 189 219 οὕτως
208 187 256 214 καὶ
274 187 308 214 δι’
325 187 384 218 ἐνὸς
398 185 541 221 ἀνθρώπου
562 185 649 219 Ἰησοῦ
666 184 784 220 Χριστοῦ
798 183 853 218 (68)
871 184 888 219 ἡ

945 189 1068 213 aeternam
1079 207 1087 218 ,
1105 191 1133 213 ut
1149 187 1279 221 scriptum
1294 191 1344 214 est.
1364 186 1418 213 Cur
1440 193 1505 221 ergo
1520 186 1610 214 dicitis
1623 193 1671 220 pro
1686 187 1730 214 in-

103 232 183 268 χάρις
198 233 344 268 βασιλεύσῃ
370 232 413 259 διὰ
425 230 604 266 δικαιοσύνης
623 232 663 262 εις
689 230 760 266 ζωὴν
773 229 889 261 αἰώνιον,

103 277 195 309 καθὼς
211 277 375 313 γέγραπται.
388 276 450 308 Πῶς
468 273 514 302 οὖν
539 275 645 309 λέγετε,
665 274 738 301 Ἀντὶ
759 273 806 300 τοῦ
822 273 889 300 ἐσω-

103 322 150 350 Θεν
159 322 304 359 ἀνθρώπου
321 322 367 349 τοῦ
382 322 412 348 ἐν
429 322 505 357 ἡμῖν,
522 320 584 352 νοῦς
607 320 767 356 ἐπουράνιος
780 320 808 345 ὲν
824 319 892 354 Χρι-

103 369 175 405 στῷ;
197 370 312 405 Μήτιγε,
327 369 388 404 διχῆ
410 368 524 404 μερίσας
537 367 568 394 τὸ
581 366 679 399 ἔξωθεν
703 367 750 393 καὶ
775 366 807 392 τὺ
828 365 893 391 ἐσω-

103 415 149 443 θεν
162 415 227 450 (69),
241 416 287 442 καὶ
303 415 331 441 ὲν
345 415 422 449 τάφῳ
435 413 607 440 ἐπεδείκνυτο
621 413 668 439 καὶ
680 414 709 439 ὲν
728 412 796 448 ᾇδῃ;
819 411 887 438 Ἀλλ’

101 461 151 495 οὐχ
167 458 222 487 οἶόν
236 469 265 487 τε
290 458 324 495 ἦν
345 460 400 496 (70)
427 459 518 495 ἕτερον
541 460 599 486 ἀνθ’
625 458 718 494 ἐτέρου
738 457 888 484 ἀντιδοῦναι

101 505 207 542 λύτρον·
229 505 296 532 ἀλλὰ
313 505 393 540 σῶμα
409 505 469 531 ἀντὶ
488 504 623 539 σώματος,
642 504 688 530 καὶ
708 503 796 539 ψυχὴν
828 503 889 530 ἀντὶ

101 552 189 588 ψυχῆς
201 551 312 584 δέδωκε,
328 551 376 577 καὶ
391 550 496 577 τελείαν
525 550 641 585 ὓπαρξιν
667 550 737 585 ὑπὲρ
760 550 820 576 ὅλου
843 549 889 575 ἀν-

102 598 221 634 θρώπου·
247 598 377 625 τοῦτ’ἐστι
401 598 432 624 τὸ
456 597 633 632 ἀντάλλαγμα
660 596 706 623 τοῦ
731 595 860 632 Χριστοῦ,
875 594 890 621 ὂ

101 641 241 668 ὼνείδισαν
258 641 304 668 ἐπὶ
320 640 367 668 τοῦ
386 641 501 677 σταυροῦ
517 642 541 667 οἱ
555 640 648 676 ἐχθροὶ
672 642 721 676 τῆς
733 639 804 676 ζωῆς
825 640 890 666 Ἰου-

99 686 169 712 δαῖοι
185 687 239 721 (71)
255 687 520 722 παραπορευόμενοι,
542 688 589 713 καὶ
614 686 751 718 κινοῦντες
777 685 826 717 τὰς
848 693 890 712 κε-

940 231 1039 259 teriore
1050 236 1145 259 nostro
1158 232 1278 264 homine,
1294 235 1410 259 mentem
1428 232 1566 259 cmlestem
1583 233 1608 259 in
1620 231 1730 259 Christo

939 278 1018 304 esse?
1028 286 1092 304 num
1106 278 1170 312 quia
1183 278 1307 305 bifariam
1319 277 1406 305 diviso
1417 279 1551 305 exteriore
1563 282 1590 304 et
1602 278 1730 305 interiore

940 322 1060 354 homine,
1077 327 1103 349 et
1117 323 1142 349 in
1158 323 1283 357 sepulcro
1294 342 1301 355 ,
1319 327 1346 349 et
1361 323 1387 349 in
1401 321 1508 350 inferno
1524 323 1669 357 apparuit?
1695 324 1730 351 At

940 375 995 394 non
1024 373 1130 402 poterat
1153 369 1269 396 alterum
1295 375 1345 403 pro
1369 369 1454 396 altero
1467 369 1495 396 in
1512 369 1727 404 redemptionem

941 413 998 441 dari
1013 423 1019 440 :
1033 414 1079 441 sed
1093 422 1192 449 corpus
1204 422 1252 449 pro
1268 422 1392 453 corpore,
1405 419 1431 442 et
1440 415 1559 442 animam
1574 423 1624 450 pro
1637 415 1729 442 anima

941 459 1024 491 dedit,
1043 467 1074 486 ac
1087 459 1233 495 perfectam
1252 460 1455 487 subsistentiam
1471 469 1520 495 pro
1535 465 1591 488 toto
1606 461 1727 488 homine.

942 503 1004 531 Haec
1021 509 1062 532 est
1072 505 1171 532 Christi
1183 506 1371 537 commutatio,
1387 513 1468 540 quam
1491 506 1518 532 in
1531 513 1611 533 cruce
1624 506 1730 541 probris

942 549 1055 577 allecere
1067 550 1128 577 vitae
1142 550 1245 578 inimici
1260 549 1356 583 Judaei,
1370 555 1563 585 pratercuntes
1575 556 1601 578 et
1616 560 1728 579 moven-

942 599 983 623 tes
998 595 1087 630 capita
1104 603 1166 623 sua.
1181 595 1274 631 Neque
1285 597 1356 623 enim
1369 596 1448 624 nuda:
1460 596 1572 624 Deitatis
1586 605 1727 625 accessum

943 641 1067 669 infernus
1085 641 1168 677 748
1184 642 1362 670 sustinuisset
1379 652 1384 670 :
1402 642 1455 670 hoc
1482 647 1509 670 et
1539 644 1676 678 propheta:
1702 647 1729 671 et

940 686 1056 720 apostoli
1074 690 1217 714 testantur.

101 733 188 766 φαλὰς
203 732 302 759 αὐτῶν.
325 732 392 758 υῦτε
417 732 471 767 γὰρ
497 733 510 758 ὀ
532 731 598 767 ᾷδης
620 732 734 767 ἤνεγκεν
764 730 998 766 ἀπαρακαλύπτου
1026 731 1151 766 θεότητος
1179 730 1314 758 ἐπίϐασιν·
1343 731 1421 758 τοῦτο
1449 733 1495 759 καὶ
1523 734 1659 768 προφῆται
1681 734 1727 760 καὶ

100 777 242 804 ἀπόστολοι
261 777 455 814 μαρτυροῦσιν.

137 824 179 851 18.
194 824 307 850 "Eme:
321 825 368 851 καὶ
388 825 434 851 ἐπὶ
450 825 500 860 τῆς
522 823 569 850 τοῦ
594 823 710 859 σταυροῦ
734 823 888 858 οἰκονομίας

977 820 1020 847 18.
1037 819 1114 852 Quod
1130 810 1219 848 autem
1233 820 1335 848 dictum
1352 824 1394 847 est
1405 840 1412 852 ,
1430 821 1456 848 in
1471 822 1561 849 crucis
1576 825 1728 852 uaconomia

102 869 215 896 συνιδεῖν
226 870 256 896 τὸ
270 870 424 905 λεγόμενον·
446 871 519 902 ὅπως
535 871 549 896 ὁ
572 869 672 906 Κύριος
689 870 722 904 τῇ
747 870 794 904 μὲν
822 877 889 904 προ-

945 866 1156 894 animadvertere
1180 868 1242 894 licet
1261 876 1267 894 :
1284 875 1339 909 quo
1363 872 1442 902 pacto
1466 869 1570 896 scilicet
1593 869 1727 899 Dominus

101 915 164 950 ϐολῇ
179 915 226 941 τοῦ
253 916 368 951 αἵματος
387 916 437 952 τὴν
462 916 622 952 βεϐαιότητα
639 915 689 951 τῆς
712 915 812 951 σαρκὸς
840 915 889 940 ἑπ-

101 961 246 988 εδείκνυτο·
270 963 301 997 τῇ
317 962 344 989 δὲ
360 961 498 998 προσθήκῃ
514 961 561 988 τοῦ
579 961 672 993 ὓδατος
687 960 734 996 τὴν
759 961 890 996 ἄχραντον

101 1006 271 1042 καθαρότητα
282 1008 386 1043 ἐδήλου,
406 1009 454 1035 καὶ
475 1009 516 1035 ὅτι
529 1007 576 1034 τοῦ
593 1007 659 1034 Θεοῦ
675 1007 705 1033 τὸ
721 1006 809 1040 σῶμαε
824 1006 890 1042 κρά-
903 1016 905 1018 τ

102 1052 149 1084 ξας
165 1053 192 1078 δὲ
209 1053 256 1079 καὶ
273 1053 365 1085 κλίνας
388 1054 437 1085 τὴν
469 1053 599 1089 κεφαλὴν,
625 1053 672 1079 καὶ
696 1052 833 1087 παραδοὺς
861 1052 890 1078 τὸ

101 1098 220 1133 πνεῦμα,
237 1098 266 1125 τὸ
278 1098 378 1125 ἔσωθεν
392 1098 439 1126 τοῦ
454 1099 519 1125 ἰδίου
544 1099 679 1134 σώματος,
701 1098 822 1124 τουτέστι
840 1098 890 1133 τὴν

101 1141 190 1177 ψυχὴν
205 1143 333 1178 ὲσήμανε’
363 1143 428 1178 περὶ
454 1141 487 1178 ἧς
505 1142 551 1169 καὶ
579 1143 699 1178 εἴρηκεν,
724 1141 764 1167 ὅτι
792 1141 889 1174 noan

100 1189 177 1222 ὑπὲρ
214 1188 273 1215 τῶν
315 1188 469 1222 προϐάτων
505 1188 565 1215 τῶν
601 1187 688 1222 ἐμῶν.
727 1187 807 1212 Ὥστε
840 1186 889 1221 τὴν

101 1234 245 1261 ἕκπνευσιν
258 1234 307 1261 οὐκ
316 1235 348 1261 ἄν
359 1243 401 1266 τις
415 1234 486 1260 εἴποι
495 1233 619 1268 θεότητος
635 1232 806 1268 μετάστασιν,
822 1230 890 1258 ἀλλὰ

100 1279 189 1314 ψυχῆς
206 1278 390 1315 ἀποχώρησιν.
408 1279 440 1305 El
453 1279 506 1314 γὰρ
525 1278 594 1305 κατὰ
617 1279 780 1313 μετάστασιν
797 1276 890 1311 θεότη-

101 1333 146 1357 τος
159 1324 296 1356 ὀοὰνατος
311 1324 404 1359 γέγονε
422 1325 468 1351 καὶ
491 1326 506 1360 ἡ
536 1324 582 1350 τοῦ
600 1323 723 1360 σώματος
747 1324 888 1358 νέκρωσις,

103 1371 166 1397 [διον
182 1370 236 1405 ἄρα
246 1370 359 1397 θάνατον
375 1370 502 1402 ἀπέθανε,
520 1370 566 1396 καὶ
581 1369 637 1405 (72)
647 1370 676 1396 οὐ
690 1369 735 1396 τὸν
746 1370 887 1404 ἡμέτερον.

101 1416 158 1443 Καὶ
173 1416 232 1447 πῶς
256 1417 296 1448 εἰς
311 1416 373 1452 ᾅδου
387 1416 518 1451 κατῆλθεν
535 1415 759 1452 ἀπαρακαλύπτῳ
777 1416 809 1451 τῇ
831 1415 890 1441 θεό-

101 1471 179 1497 τητι;
197 1462 251 1488 Ποῦ
264 1460 310 1489 οὖν
335 1464 351 1498 ἡ
380 1463 462 1498 ψυχὴ,
483 1464 515 1498 ἣν
532 1462 714 1498 ἐπηγγείλατο
743 1463 757 1488 ὁ
788 1461 889 1496 Κύριος

100 1507 202 1534 τιθέναι
222 1508 292 1544 ὑπὲρ
306 1508 359 1534 τῶν
377 1507 531 1543 προϐάτων,
557 1509 622 1543 περὶ
643 1506 676 1543 ἦς
687 1507 734 1534 καὶ
754 1507 888 1543 προφῆται

941 912 1087 939 emissione
1100 913 1242 948 sanguinis
1253 913 1344 940 carnis
1355 921 1446 941 veram
1457 915 1641 943 exsistentiam
1653 924 1728 944 com-

941 958 1100 985 monstrarit
1118 967 1124 984 :
1141 962 1168 985 et
1196 965 1273 992 aqum
1299 957 1454 990 additione,
1482 959 1726 988 ineontaminatam

939 1003 1085 1037 puritatem
1099 1023 1107 1036 ,
1133 1010 1164 1029 ac
1183 1010 1277 1030 verum
1295 1010 1356 1030 esse
1371 1010 1471 1038 corpus
1492 1003 1538 1031 Dei
1555 1006 1704 1033 ostenderit
1718 1015 1726 1034 ι

941 1049 1083 1076 clamando
1104 1053 1193 1076 autem
1211 1053 1237 1076 et
1253 1049 1408 1076 inclinando
1425 1055 1522 1084 caput,
1547 1051 1728 1087 spiritumque

940 1094 1093 1127 reddendo;
1108 1095 1178 1129 quod
1195 1094 1265 1121 intra
1281 1095 1421 1129 proprium
1436 1103 1535 1130 corpus
1549 1101 1606 1123 erat
1616 1117 1623 1129 ,
1637 1097 1662 1124 id
1674 1103 1726 1129 est,

940 1140 1070 1172 animam,
1088 1140 1259 1175 signiticarit,
1275 1140 1308 1168 de
1321 1148 1374 1176 qua
1391 1145 1418 1168 et
1433 1141 1539 1168 dixerat
1554 1151 1561 1168 :
1576 1141 1651 1168 Pouo
1668 1152 1727 1170 cum

939 1195 986 1220 pro
1000 1187 1089 1213 ot‘ibus
1106 1187 1169 1214 meis
1183 1187 1204 1203 ⁷¹
1225 1197 1230 1214 :
1249 1188 1284 1214 ita
1300 1192 1327 1214 ut
1343 1187 1555 1222 exspirationem
1577 1196 1656 1216 nemo
1683 1190 1727 1216 di-

940 1231 1009 1259 xerit
1024 1232 1131 1259 deitatis
1150 1233 1431 1267 transmigrationern,
1451 1233 1497 1259 sed
1512 1233 1610 1260 anima:
1625 1234 1728 1261 disces-

940 1285 1011 1305 sum.
1028 1277 1094 1304 Nam
1113 1277 1135 1305 si
1155 1277 1213 1312 [per
1237 1279 1504 1313 transmigrationem
1523 1279 1631 1307 deitatis
1654 1289 1727 1308 mors

938 1328 966 1351 et
992 1324 1112 1359 carperis
1133 1324 1277 1351 exstinctio
1303 1325 1477 1359 contigisset,
1505 1326 1614 1360 propria
1640 1331 1728 1353 morte

938 1368 1061 1401 obiisset,
1080 1373 1106 1396 ct
1121 1377 1173 1395 non
1187 1373 1289 1396 nostra.
1304 1369 1335 1396 Et
1349 1370 1406 1404 qui,
1430 1371 1538 1404 amabo,
1555 1379 1609 1398 non
1621 1371 1727 1399 obtecta

939 1414 1038 1441 deitate
1049 1414 1077 1441 in
1095 1414 1230 1441 infernum
1242 1415 1447 1442 descendisset?
1459 1415 1574 1443 Ubinam
1587 1417 1668 1450 igitur
1682 1418 1727 1445 illa

939 1460 1029 1486 anima
1043 1480 1050 1492 ,
1069 1468 1151 1494 quam
1170 1461 1334 1495 promiserat
1355 1460 1489 1488 Dominus
1506 1470 1535 1489 se
1558 1470 1607 1496 pro
1629 1464 1727 1491 ovibus

939 1505 997 1532 suis
1016 1506 1186 1540 positurum,
1200 1506 1233 1533 de
1251 1514 1304 1540 qua
1321 1511 1347 1532 et
1363 1507 1501 1541 prophetae
1519 1507 1622 1541 praefati
1637 1514 1700 1535 sunt
1714 1509 1726 1535 ?

102 1553 321 1589 προμηνύουσιν;
337 1555 360 1580 εἰ
378 1554 406 1580 δὲ
429 1554 518 1589 ψυχῆς
531 1554 703 1589 ἀποχώρησις
719 1553 823 1587 γέγονε,
845 1552 888 1579 διὰ

945 1550 968 1578 Si
989 1559 1053 1578 vero
1076 1552 1175 1578 animae
1201 1552 1339 1579 discessus
1365 1552 1433 1584 fuit,
1460 1552 1520 1580 ideo
1546 1553 1646 1580 dictum
1673 1560 1725 1586 est,

101 1599 181 1626 τοῦτο
197 1599 313 1636 εἴρηται,
331 1600 371 1626 ὅτι
390 1599 435 1626 τὸν
456 1599 588 1634 ἡμέτερον
611 1598 753 1631 ἀνεδέξατο
766 1598 889 1630 θάνατον,

101 1646 224 1673 τουτέστι
236 1647 284 1681 τῆς
295 1645 353 1673 καθ’
360 1646 434 1682 ἡμᾶς
444 1645 590 1677 διαλύσεως
598 1645 790 1680 ἀνασχόμενος,
797 1644 889 1680 ὥσπερ

101 1692 150 1718 καὶ
165 1692 315 1727 γεννήσεως
332 1691 398 1727 (75).

139 1738 181 1765 19.
197 1739 316 1765 Μάταιον
331 1735 377 1765 οὖν
392 1738 469 1774 ὑμῶν
489 1737 520 1764 τὸ
537 1738 665 1773 σόφισμα·
685 1738 745 1764 ἐπεὶ
770 1738 827 1770 πῶς
857 1739 889 1766 ἃν

101 1783 118 1808 ὁ
140 1781 252 1814 θάνατος
265 1783 394 1817 ἐγεγόνει,
420 1784 444 1809 εἰ
467 1782 502 1818 μὴ
523 1783 569 1809 καὶ
593 1782 638 1809 τὸν
662 1782 762 1810 ἔσωθεν
783 1784 890 1810 καὶτὸν

103 1827 202 1861 ἔξωθεν
228 1828 408 1864 συνεστήσατο
434 1827 551 1864 ἐαυτῷὸ
577 1828 661 1862 Λόγος
675 1828 742 1864 (74),
767 1829 889 1855 τουτέστι

104 1871 183 1907 σῶμα
199 1872 244 1898 καὶ
259 1871 362 1908 ψυχήνς
377 1873 439 1903 Πῶς
448 1872 476 1898 δὲ
494 1872 540 1899 καὶ
557 1872 626 1908 ὑπὲρ
640 1873 686 1899 τοῦ
702 1874 802 1906 παντὸς
813 1874 889 1901 ἀντέ-

102 1917 187 1943 δωκεν
205 1918 376 1953 ἀντί).υτρον;
395 1918 411 1953 ἢ
437 1917 495 1950 πῶς
518 1919 534 1953 ἡ
560 1918 691 1954 κράτησις
703 1919 749 1945 τοῦ
774 1919 888 1947 Θανάτου

103 1961 209 1988 τελείαν
225 1962 359 1998 ἐλάμϐανε
384 1962 432 1997 τὴν
446 1961 531 1993 λύσιν,
562 1963 586 1988 εἰ
613 1962 644 1989 τὺ
665 1963 736 1989 κατὰ
760 1964 889 1998 φρόνησιν

103 2004 276 2039 ἁμαρτῆσαν,
289 2004 337 2040 τὴν
355 2003 442 2040 ψυχὴν
464 2004 531 2039 (75),
556 2005 671 2041 Χριστὸς
700 2006 889 2041 ἀναμάρτητον

104 2050 136 2076 οὺ
155 2050 334 2085 συνεστήσατο
350 2051 379 2076 ὲν
399 2050 503 2085 ἐαυτῷ;
521 2051 580 2077 Ἔτι
600 2049 646 2078 οὖν
666 2051 826 2086 βασιλεύειό
841 2052 889 2078 θά-

104 2103 184 2127 νατος
207 2095 254 2122 τοῦ
281 2095 381 2122 ἔσωθεν
400 2096 555 2132 ἀνθρώπου·
579 2097 652 2128 τίνος
670 2097 724 2132 γὰρ
738 2097 818 2124 ἄλλου
842 2097 890 2123 καὶ

107 2142 261 2169 ἐϐασίλευσὲ
277 2150 352 2175 ποτε,
367 2142 426 2177 οὐχὶ
448 2142 535 2178 ψυχῆς
555 2142 604 2177 τῆς
620 2143 648 2169 ἐν
661 2144 788 2179 φρονήσει
801 2144 890 2178 ἁμαρ-

105 2188 245 2224 τησάσης;
271 2187 361 2219 καθὼς
385 2187 500 2223 εῐρηται·
517 2188 604 2223 Ψυχὴ
632 2187 687 2224 (76)
716 2189 735 2222 ὴ
761 2188 888 2223 ἁμαρτά-

105 2232 213 2266 νουσα,
236 2233 311 2267 αὕτη
331 2233 380 2261 καὶ
402 2233 598 2261 ἀποθανεῖται·
615 2234 685 2269 ὑπὲρ
707 2232 740 2270 ἦς
754 2235 803 2268 τὴν
822 2235 888 2260 ἰδίαν

106 2279 194 2315 ψυχὴν
220 2279 340 2306 τέθεικεν
359 2280 372 2305 ὀ
388 2279 504 2314 Χριστὸς
520 2279 615 2314 λύτρον
643 2280 699 2315 (77)
730 2280 887 2311 ἁντιδιδούς.

143 2338 164 2352 ⁷·
180 2336 257 2365 Joan.
272 2337 359 2369 ι,15.
398 2337 421 2352 ’³
437 2337 536 2364 Euecb.
551 2345 630 2370 xvur,
645 2337 673 2364 4.

144 2392 199 2428 (68)
223 2393 346 2428 Seguer.,
362 2392 396 2429 δι’
410 2392 469 2429 evil;
489 2392 630 2428 ἀνθρώπου
651 2392 737 2428 Ἰησοῦ
760 2393 888 2429 Χριστοῦ.

108 2427 137 2455 In
152 2428 232 2463 editis
246 2427 320 2455 deest
333 2427 485 2463 ἀνθρώπου.

146 2463 200 2498 (69)
215 2462 325 2498 Seguer.
349 2462 455 2498 Gobler.
470 2466 501 2498 et
511 2462 628 2498 Felckm.
643 2463 668 2495 1,
682 2462 714 2488 τὺ
727 2462 826 2498 ἔξωθεν
843 2463 891 2490 καὶ

109 2498 139 2526 τὸ
150 2496 262 2525 ἔσώθενζ
273 2497 302 2525 ln
317 2497 406 2531 editis,
421 2497 466 2524 τὸν
479 2496 586 2530 ἔξωθεν,
603 2498 649 2524 καὶ
662 2499 690 2524 ὲν
702 2497 790 2532 τάφῳ,
806 2499 892 2526 omis—

110 2533 149 2560 sis
163 2533 269 2560 mediis.

145 2567 200 2601 (70)
215 2565 269 2594 Ἦν
283 2567 358 2595 deest
380 2567 408 2594 in
431 2567 542 2602 Seguer.
557 2567 630 2594 Idem
649 2567 730 2602 paulo
743 2571 812 2601 post,
830 2568 891 2594 ἀντὶ

111 2603 244 2639 σώματος,
261 2607 288 2630 et
310 2603 351 2631 sic
370 2601 511 2637 legendum
526 2602 641 2630 videtur.
656 2601 737 2634 Editi,
753 2602 822 2638 ὑπὲρ
839 2602 893 2628 σώ-

132 2647 204 2664 ατοε.

111 2647 204 2708 “nam.
216 2673 271 2708 Τῆς
297 2672 370 2708 ζωῆς
390 2671 507 2708 Ἰουδῇοι
517 2692 527 2708 ,γ
541 2672 581 2708 in?
591 2670 676 2708 editis
691 2671 824 2708 omissum
833 2692 840 2704 ,
858 2680 891 2699 ex

109 2716 177 2735 mss.
191 2706 304 2743 ‘Seguer.
321 2706 398 2735 Gobl.
417 2711 443 2734 et
458 2706 548 2743 Eelck.
571 2707 584 2732 1
601 2707 794 2741 supplevimus.
810 2706 892 2734 Paulo

109 2748 182 2778 past,
196 2742 320 2778 δήμιοι-Ἴ
334 2742 505 2778 ἦνεγῖἑειζᾶνἲ

146 2778 202 2814 (72)
218 2776 263 2805 Sic
279 2776 386 2814 Gobler.
402 2776 528 2814 etFelck.
547 2777 571 2803 1.
585 2776 655 2803 Editi
668 2784 741 2814 vero.
758 2777 805 2803 καὶ
821 2777 890 2814 ούχίτ

109 2811 170 2840 Mox
201 2814 265 2840 edit.
296 2813 381 2840 Paris.
410 2812 555 2844 mendose,
581 2811 793 2846 παρακαλύπτῳ.
821 2812 892 2840 Editi

111 2856 175 2876 vero
191 2848 322 2876 Commel.
336 2853 362 2875 et
378 2855 472 2875 omnes
489 2854 567 2880 mss.,
579 2847 814 2883 ἀπαρακαλύπτῳ.

940 1604 1002 1624 eum
1017 1602 1137 1624 nostram
1155 1603 1270 1625 mortem
1285 1598 1450 1633 suscepisse,
1469 1599 1520 1625 hoc
1533 1603 1584 1631 est,
1603 1604 1725 1626 nostram

940 1642 1150 1672 dissolutionem
1161 1643 1347 1677 sustinuisse,
1373 1649 1403 1672 ut
1416 1649 1443 1672 et
1462 1648 1583 1672 nostram
1596 1646 1723 1673 nascendi

941 1687 1084 1714 rationem.

975 1732 1018 1759 19.
1039 1730 1146 1759 Vanum
1170 1732 1252 1767 igitur
1272 1737 1313 1760 est
1338 1738 1459 1762 vestrum
1481 1735 1620 1770 sophisma
1639 1744 1723 1763 :nam

940 1778 997 1812 qui,
1017 1785 1119 1812 quaeso,
1137 1785 1211 1805 mors
1229 1779 1400 1813 advenisset,
1418 1780 1469 1808 nisi
1484 1785 1510 1807 et
1524 1781 1681 1809 interiorem
1698 1787 1725 1809 et

940 1823 1101 1850 exteriorem
1129 1823 1267 1850 hominem
1283 1823 1402 1851 Verbum
1428 1824 1456 1851 in
1476 1833 1505 1852 se
1526 1827 1723 1859 constituisset.

941 1866 966 1892 id
980 1870 1021 1893 est
1037 1873 1136 1900 corpus
1147 1871 1173 1894 et
1186 1867 1327 1894 animam?
1346 1867 1398 1900 Qui
1415 1876 1465 1903 pro
1481 1874 1539 1896 toto
1556 1871 1665 1898 homine
1682 1880 1724 1898 re-

940 1911 1103 1945 demptionis
1125 1912 1243 1946 pretium
1257 1913 1382 1940 dederit?
1398 1919 1446 1941 aut
1473 1916 1611 1949 quomodo
1628 1917 1725 1944 mortis'

940 1957 1084 1992 imperium
1108 1958 1186 1992 plene
1213 1959 1374 1994 abrogatum
1397 1959 1493 1993 fuerit,
1522 1961 1543 1988 si
1562 1962 1626 1989 illud
1650 1964 1723 1996 quod

939 2010 987 2037 per
1002 2003 1206 2038 intelligentiam
1221 2008 1361 2038 peccarat,
1380 2005 1497 2032 animam
1518 2014 1628 2041 nempe,
1642 2006 1724 2033 Chri-

939 2053 998 2076 stus
1013 2049 1039 2076 in
1055 2056 1115 2076 sese
1129 2049 1332 2084 impeccabilem
1349 2057 1403 2077 non
1419 2051 1627 2079 constituisset?
1652 2052 1724 2087 Ergo

940 2103 1013 2121 mors
1027 2095 1109 2122 etiam
1124 2103 1196 2122 nunc
1212 2096 1239 2122 in
1257 2096 1385 2123 interiore
1411 2096 1522 2124 homine
1547 2098 1720 2128 dominatur:

941 2141 967 2167 in
981 2149 1099 2175 quonam
1119 2142 1191 2168 enim
1208 2142 1261 2169 alio
1278 2150 1400 2178 unquam
1416 2148 1576 2178 regnaverat
1589 2164 1596 2175 .
1623 2145 1676 2172 nisi
1695 2146 1723 2174 in

941 2187 1041 2221 anima,
1054 2195 1114 2222 quae
1129 2188 1301 2223 intelligendo
1314 2190 1492 2223 peccaverat?
1504 2194 1533 2216 ut
1546 2190 1647 2217 dictum
1663 2196 1703 2218 est
1716 2201 1722 2219 :

941 2233 1037 2260 Anima
1047 2242 1106 2268 qua:
1115 2235 1270 2267 peccaverit,
1280 2235 1338 2268 ipsa
1352 2234 1506 2261 morietur"
1520 2244 1526 2262 :
1538 2243 1589 2270 pro
1597 2244 1649 2270 qua
1663 2244 1724 2271 pro-

938 2280 1025 2314 priam
1048 2278 1166 2306 animam
1187 2279 1315 2307 Christus
1340 2280 1367 2307 in
1392 2280 1510 2314 pretium
1531 2282 1724 2316 redemptionis

976 2397 1083 2439 (73)_lta
1097 2398 1209 2433 Segner.
1223 2398 1331 2439 Gobler.
1346 2403 1372 2426 et
1388 2399 1506 2427 Felckm.
1524 2401 1549 2427 ί.
1569 2400 1640 2427 Editi
1659 2409 1724 2429 vero

939 2438 966 2461 et
982 2433 1091 2468 quidam
1107 2441 1187 2464 mss.,
1204 2433 1345 2467 γενέσεως.
1517 2465 1521 2468 ,

977 2468 1031 2503 (74)
1048 2467 1084 2495 lta
1098 2469 1202 2502 Anglic.
1225 2469 1336 2502 Seguer.
1357 2468 1465 2496 Gobler.
1479 2475 1505 2497 et
1519 2469 1636 2496 Felckm.
1653 2470 1676 2497 Ι.
1693 2470 1722 2497 In

939 2503 1019 2531 editis
1037 2503 1132 2539 desunt
1152 2504 1217 2534 haec,
1230 2503 1319 2539 ἑαυτῷ
1330 2505 1344 2529 ό
1357 2504 1452 2537 Λόγος.
1465 2504 1527 2531 Mox
1540 2504 1652 2539 Seguer.
1669 2505 1723 2532 Go-

940 2538 1007 2566 bler.
1025 2543 1052 2565 et
1063 2537 1180 2565 Felckm.
1197 2539 1222 2569 i,
1235 2537 1347 2564 δέδωκεν
1362 2546 1410 2569 pro
1425 2537 1581 2566 ἀντέδωκενζ

976 2573 1031 2609 (75)
1042 2573 1100 2609 (Τὴν
1114 2573 1209 2609 ψυχήν
1216 2573 1291 2600 deest
1312 2574 1339 2600 in
1362 2573 1472 2609 Seguer.
1489 2574 1573 2601 Paulo
1589 2580 1649 2609 post
1675 2576 1724 2603 Se-

959 2607 1345 2645 uer.Anklican’.‘Goble|-ian.
1359 2608 1518 2645 etrFelckm.
1537 2610 1562 2641 1,
1580 2607 1610 2636 ἐν
1623 2611 1722 2645 ἐαυτῷ.

964 2644 1021 2676 diti,
1037 2642 1135 2678 ἑαυτῷ,
1150 2643 1251 2670 omissa
1267 2650 1349 2678 pra-p.
1362 2643 1472 2676 Ibidem,
1487 2644 1598 2676 Segner.
1613 2642 1722 2674 Gobler.

940 2684 966 2706 et
981 2679 1099 2706 Felckm.
1112 2677 1134 2704 ⁷1
1148 2698 1154 2707 .
1170 2677 1229 2713 Ἐτι
1247 2678 1292 2705 οὖν
1310 2677 1444 2713 βασιλεύει
1470 2680 1483 2705 ὁ
1507 2679 1628 2711 θάνατος.
1652 2679 1724 2707 Editi

940 2714 1122 2757 veronetnalii,
1137 2713 1169 2753 Ti
1191 2710 1237 2739 οὖν
1254 2710 1315 2757 καοί
1331 2714 1555 2757 ὺμᾶςΙβαοΣιλεύει
1571 2716 1584 2741 ὁ
1600 2710 1722 2747 θάνατος.

977 2748 1032 2785 (7(5)
1049 2748 1232 2785 §egueriauils
1248 2750 1332 2779 solus,
1348 2748 1488 2785 eadem.

978 2784 1034 2821 (77)
1050 2783 1162 2821 segnem
1188 2783 1296 2821 gobler.
1313 2788 1340 2821 et
1361 2783 1478 2821 Felckin.
1498 2785 1524 2816 1,
1547 2785 1693 2821 ἀντέθηκεν
1710 2784 1726 2811 ὁ

941 2819 1055 2855 Χριστὸς
1070 2819 1165 2854 λύτρον
1180 2818 1302 2854 (δεςιιειι.
1319 2819 1486 2856 ἀντίλυτρον)
1500 2820 1632 2852 ἀντιδοὺς.
