1939 3041
97 147 164 176 ΗΠ

533 145 672 175 CONTRA
691 146 951 176 APOLLINABIUM
972 148 1073 177 LIBER
1092 149 1283 178 SECUNDUS.

1642 153 1710 181 “'58

95 214 137 241 γῦι
150 205 299 241 γεγονέναι,
315 205 363 240 τὴν
373 204 419 231 τοῦ
431 205 531 237 πάθους
543 206 644 241 νόησιν,
660 206 706 232 καὶ
715 206 762 241 τὴν
779 206 808 239 ἐξ
816 206 879 242 ᾅδου

934 208 1008 236 nitati
1020 209 1155 237 ascribere
1165 217 1272 242 ausus.,
1288 209 1422 239 Sabellius
1432 216 1522 238 autem
1532 211 1608 239 Pauli
1619 211 1714 240 Samo-

94 253 241 281 ἀνάστασιν
259 254 291 288 τῇ
309 252 414 287 θεότητι
436 253 583 288 προσάγειν
604 253 719 288 τολμῶν.
738 253 880 286 Σαϐέλλιος

95 299 123 326 δὲ
140 298 185 326 τοῦ
206 299 384 334 Σαμοσατέως
398 298 505 326 Παύλου
525 298 571 325 καὶ
584 299 637 325 τῶν
657 300 716 326 κατ’
732 299 811 326 αὑτὸν
822 300 881 326 ἐπι.

94 343 226 371 δέδεικται
246 344 295 379 τὴν
307 343 419 378 γνώμην
429 351 436 358 ·
454 343 580 374 δεδοικὼς
595 343 647 379 γὰρ
661 344 709 379 τὴν
726 344 755 376 ἐξ
777 344 879 380 Ἀρείου

93 390 232 426 διαίρεσιν,
242 391 275 425 τῇ
290 389 448 426 ἀναιρετικῇ
462 390 658 416 καταπέπτωκε
671 390 768 426 πλάνῃ.
789 391 880 426 Ὑμεῖς

93 435 121 462 δὲ
135 435 188 462 τίνι
201 431 375 471 πρόσκεισθε,
393 434 409 469 ἦ
427 434 478 460 τίνι
501 434 607 469 βοηθεῖν
624 434 767 469 βούλεσθε;
786 435 831 466 Ἣ,
849 434 880 461 τὸ

93 481 249 517 λεγόμενον,
266 479 405 515 πάμφυλοι
426 479 481 515 (‘22)
498 479 627 514 γεγόνατε
641 487 648 512 ;
669 479 740 506 liae".
756 479 809 515 γὰρ
826 480 882 511 τοῖς

94 526 302 562 προειρημένοις
319 527 466 561 αἱρετικοῖς
483 525 671 562 συνηνέχθητε,
685 526 881 560 ἀπιστήσαντες

93 574 126 609 τῇ
142 572 236 600 ὲνώσει
249 581 255 588 ·
272 572 318 598 καὶ
334 571 518 605 ἀντιλέγοντες
538 572 570 607 τῇ
588 570 737 607 πληρώσει,
753 572 793 602 είς
807 571 882 598 ἀναί-

95 627 168 655 ρεσιν
179 619 366 653 κεχωρήκατε,
382 617 540 653 διαιρέσεως
560 617 661 644 δειλίαν
674 616 729 652 (23)
747 625 881 653 προφασιι-

93 664 212 700 ζόμενοι.
231 663 336 698 ’Ὠσπερ
353 662 381 689 δὲ
406 663 431 689 οἱ
452 662 614 698 διαιροῦντες
630 663 777 698 μεμήνασι,
793 662 839 688 καὶ
856 662 881 688 οἱ

93 709 291 746 παραιροῦντες
319 708 521 743 πεπλάνηνται,
548 707 634 740 οὕτως
658 708 682 734 οἰ
708 707 882 744 ἀναιροῦντες

92 752 272 784 ἀπόλλυνται·
302 754 431 790 ἀληθινῆς
456 754 506 789 τῆς
525 754 680 789 οἰκονομίας
695 754 882 790 γεγενημένης

93 802 160 837 (24),
174 801 282 835 καὶτῆς
297 801 424 836 ἀληθείας
449 799 661 837 φανερωθείσης,
680 800 727 826 καὶ
740 800 788 836 τῆς
805 801 882 837 χάρι-

92 857 138 880 τος
155 846 391 884 μαρτυρουμένης.

930 253 1057 286 satcnsis,
1071 254 1184 289 ejusque
1195 254 1352 289 sequacium
1368 256 1528 283 sententiam
1539 257 1636 292 prohat
1647 267 1653 284 :
1666 266 1713 285 ve-

930 299 998 326 ritus
1016 300 1087 326 enim
1104 300 1161 327 Arii
1174 300 1345 334 divisionem,
1361 302 1386 328 in
1401 309 1522 328 errorem
1541 302 1587 337 qui
1604 303 1712 337 (perso-

931 343 990 380 nas)
1006 344 1038 372 de
1052 345 1140 372 medio
1153 345 1221 372 tollit
1235 345 1362 380 delapsus
1373 351 1424 373 est.
1439 345 1492 374 Vos
1503 351 1593 374 autem
1603 347 1710 374 cuinam

930 389 1085 422 adhaeretis,
1100 389 1142 416 vel
1156 391 1264 418 cuinam
1277 391 1404 425 opitulari
1419 392 1523 419 vultis?
1536 391 1606 419 Nmn
1616 413 1622 425 ,
1639 393 1712 427 quod

931 436 1074 471 proverbio
1090 435 1187 470 fertur,
1201 435 1350 471 Cujuslibet
1364 437 1450 464 tribus
1463 437 1548 465 estis?
1562 436 1629 465 Nam
1647 438 1712 465 dum

931 481 1025 508 unioni
1044 480 1124 508 ﬁdem
1140 482 1260 517 negatis,
1275 481 1339 509 dum
1358 482 1518 517 pleuitudini
1537 484 1694 518 repugnatis
1705 504 1712 514 .

931 534 993 554 cum
1018 526 1145 555 omnibus
1164 535 1246 562 supra
1264 528 1422 555 memoratis
1440 528 1573 556 haereticis
1595 536 1712 556 consen-

931 572 988 599 titis
1005 580 1012 599 :
1030 577 1158 607 metuque
1172 573 1323 606 divisionis,
1338 578 1367 601 ut
1381 574 1585 608 causiﬁeamini,
1597 575 1629 602 ad
1639 575 1712 610 (per-

931 618 1024 652 sonas)
1041 617 1201 647 aui'erendas
1214 619 1334 646 animum
1347 619 1499 654 appulislis.
1513 619 1612 648 Verum
1625 624 1654 647 ut
1665 620 1711 656 qui

931 664 1070 697 dividunt,
1086 664 1227 692 insaniunt
1238 685 1245 696 .
1260 669 1289 692 et
1302 666 1349 700 qui
1365 665 1524 698 detrahunt,
1544 669 1652 698 errant;
1673 666 1712 693 sic

931 710 977 745 qui
995 710 1029 737 de
1043 709 1133 737 medio
1149 710 1264 743 tollunt,
1285 710 1312 737 in
1337 710 1484 744 perniciem
1507 715 1572 738 eunt
1587 720 1593 738 :
1606 718 1669 738 cum
1687 715 1714 737 et

930 763 993 782 vera
1009 754 1160 782 incarnatio
1174 754 1255 787 facta,
1270 759 1297 783 et
1308 755 1408 783 veritas
1420 756 1488 788 visa,
1505 755 1591 791 gratia
1605 763 1715 791 quoque

932 802 1088 829 testimonio
1103 801 1278 836 comprobata
1297 800 1388 829 fuerit.

127 894 154 921 4.
172 894 204 921 Τί
225 893 314 920 τοίνυν
340 892 567 929 προφασιζόμενοι
586 890 745 926 σοφίζεσθες
763 891 790 917 τί
813 891 880 917 ὑπο-

965 887 991 915 4.
1003 887 1058 916 Cur
1070 889 1161 925 itaque
1172 890 1286 926 argutiis
1298 879 1564 925 sophismatibusque
1574 890 1715 918 contendi-

93 939 246 976 κρινόμενοι
268 939 473 967 ὑποκαλύπτετε
489 938 544 974 (25)
555 959 562 971 ,
583 938 629 964 καὶ
645 938 675 964 οὐ
697 936 822 972 φανερῶς
838 937 880 964 λέ-

92 994 167 1020 γετε,
189 986 229 1012 ὅτι
244 986 304 1021 οὐχὶ
320 985 409 1012 λαϐὼν
422 985 514 1012 δούλου
533 983 641 1020 μορφὴν
652 983 762 1018 γέγονεν
775 983 880 1018 ἄνθρω-

93 1041 154 1064 πος,
179 1031 287 1059 ἀλλ’ὅτι
309 1031 386 1067 ὤφθη
401 1031 438 1064 ὡς
460 1031 618 1067 ἀνθρωπος;
645 1029 746 1064 ταύτην
766 1029 880 1064 παρέχει

93 1078 142 1114 τὴν
156 1077 250 1104 πεῦσιν
264 1077 340 1112 ὑμῶν
355 1077 410 1113 (26)
425 1077 439 1103 ό
459 1076 546 1111 λόγος,
570 1075 704 1111 προφάσει
723 1074 854 1109 λεγόντων
866 1075 880 1101 ό

93 1123 172 1156 αὐτὸς
185 1124 231 1150 καὶ
246 1124 260 1149 ὀ
271 1123 360 1155 αὑτός.
375 1123 424 1150 Διὰ
436 1122 515 1150 τοῦτο
528 1122 688 1156 καταλέγειν
701 1122 750 1156 τῆς
765 1120 881 1156 ἀληθοῦς

93 1169 247 1205 οἰκονομίας
259 1170 419 1205 ἐπιχειρεῖτε
433 1167 670 1204 συκοφαντοῦντες,
682 1168 729 1195 καὶ
738 1167 861 1201 λέγοντες
872 1176 879 1182 -

95 1215 253 1252 Ἄνθρωπον
274 1215 382 1250 λέγουσι
396 1216 442 1242 τὸν
457 1215 574 1251 Χριστὸν
602 1213 803 1249 θεοποιηθέντα.
827 1213 881 1239 Καὶ

94 1261 145 1287 ποῦ
159 1262 199 1293 τδ,
219 1261 267 1288 Ἐν
278 1261 357 1297 ἀρχῇ
372 1261 428 1297 (27)
441 1260 481 1295 ἦν
496 1262 512 1288 ὀ
528 1261 642 1296 Adrog;
659 1259 706 1287 καὶ
723 1259 765 1286 ὅτι
778 1257 881 1286 Λαϐὼν

93 1307 212 1342 μορφὴν
236 1308 347 1335 δούλου
367 1307 474 1342 ἐγένετο
500 1307 659 1342 ἇνθρωποςς
690 1305 707 1341 ἢ
738 1304 881 1340 ἄνθρωπόν

95 1361 161 1389 φησι
176 1353 245 1389 μετὰ
256 1353 323 1380 Θεοῦ
336 1353 411 1385 ὄντα,
421 1352 586 1389 ἦᾶνθρωπόν
599 1361 665 1387 φησι
674 1351 732 1388 θεῷ
745 1351 800 1387 (28)
814 1359 881 1387 συμυ

96 1399 242 1430 πλακέντα,
259 1398 275 1435 ἧ
290 1399 432 1435 ἄνθρωπον
448 1399 517 1434 ὑπὲρ
529 1399 630 1434 κόσμου
643 1398 821 1430 ἀποθανόντα,
834 1397 882 1424 καὶ

96 1444 179 1480 μέρος
192 1444 239 1471 τοῦ
253 1444 354 1479 κόσμου
366 1444 441 1477 ὄντα,
459 1443 475 1479 ἢ
489 1443 629 1478 ἄνθρωπον
643 1444 692 1479 τῆς
703 1443 839 1479 ἁμαρτίας
850 1442 880 1469 ού

95 1489 272 1526 χωρισθέντα,
290 1489 307 1525 ἢ
326 1489 467 1525 ἄνθρωπον
483 1489 604 1524 ἀγγέλων
618 1488 791 1521 δεσπόζοντα,
809 1488 882 1524 ἢᾶν-

95 1536 203 1570 ορωπον
217 1535 268 1562 ὑπὸ
280 1536 329 1570 τῆς
345 1535 458 1567 κτίσεως
477 1535 721 1571 προσκυνούμενον,
743 1535 759 1570 ἦ
777 1534 878 1570 ἄνθρω-

94 1590 146 1608 πον
163 1581 264 1616 Κύριον
280 1581 354 1612 ὂντα,
369 1581 416 1608 τοῦ
437 1581 596 1608 Ἀποστόλου
608 1581 745 1615 λέγοντος·
761 1580 882 1613 Παῦλος

92 1624 205 1658 60ῦὰος
226 1624 323 1658 Ἰησοῦ
336 1624 464 1658 Χριστοῦ
474 1633 481 1640 ·
494 1625 510 1661 ἢ
528 1625 669 1662 ἄνθρωπον
681 1625 881 1660 σταυρωθέντα,

94 1670 142 1697 καὶ
163 1670 263 1706 Κύριον
277 1671 327 1705 τῆς
349 1669 427 1705 δόξης
445 1670 519 1703 ὄντα,
536 1671 552 1706 ἧ
570 1671 712 1706 ἄνθρωπον
728 1671 878 1698 ἀκούοντα·

93 1715 193 1743 Κάθου
207 1716 241 1742 ἐκ
260 1715 366 1748 δεξιῶν
381 1725 455 1751 μου”
473 1716 488 1752 ἢ
507 1716 647 1752 ἄνθρωπον
660 1716 804 1752 ἐρχόμενον
821 1716 882 1753 κρί-

93 1768 138 1788 σιν
160 1762 259 1797 κρῐναι.
276 1761 350 1797 Αὕτη
364 1762 438 1789 ἐστὶν
455 1762 531 1797 ὑμῶν
556 1763 575 1796 1)
593 1762 700 1796 θολερὰ
718 1761 881 1796 ἀνατροπὴ,

93 1807 128 1842 ἣν
147 1807 271 1839 ποτίςετε
295 1807 358 1839 τοὺς
372 1807 541 1843 ἀνθρώπους,
559 1807 607 1834 καὶ
624 1807 782 1843 μεθύσκετε,
801 1808 883 1844 Ἐρω-

93 1853 196 1889 τήσατε
213 1852 301 1880 τοίνυν
323 1853 474 1886 Ἰουδαίους,
489 1853 543 1886 ἵνα,
559 1853 646 1881 ταῦτα
666 1854 731 1890 παρ’
748 1854 837 1881 αὐτῶν
853 1855 883 1881 ἀ-

94 1899 242 1942 κούσαντες
259 1900 294 1927 τὰ
316 1901 425 1936 ῥήματα
448 1900 518 1927 κατὰ
539 1899 657 1936 Χριστοῦ
675 1900 817 1936 λεγόμενα,
836 1900 884 1927 καὶ

93 1944 150 1973 τῶν
166 1946 206 1978 εἰς
224 1946 304 1973 αὐτὸν
323 1946 552 1978 πεπιστευκότων,
568 1946 763 1982 ὲρυθριάσητε·
783 1946 883 1982 μάθετε

93 1991 125 2018 δὲ
137 1991 184 2019 καὶ
199 1992 275 2028 παρὰ
296 1992 349 2019 τῶν
365 1992 452 2020 ἄλλων
471 1992 626 2027 αίρετικῶν,
643 1992 678 2020 τὰ
692 1993 761 2020 αὐτὰ
772 1992 883 2020 λαλούν-

94 2046 150 2064 των
165 2038 212 2065 καὶ
231 2040 409 2074 φρονούντων.
425 2038 583 2074 Προκείσθω
601 2039 691 2066 τοίνυν
704 2038 758 2065 τῶν
779 2039 883 2074 αἱρετι-

95 2084 152 2111 κῶν
170 2085 204 2112 τὰ
218 2084 339 2121 δόγματα
353 2085 419 2120 (29),
438 2085 485 2112 καὶ
503 2086 554 2121 τῆς
574 2085 709 2121 ὑμετέρας
726 2086 884 2122 φρονήσεως

95 2131 113 2164 ἡ
127 2128 233 2164 γνώμη,
251 2130 355 2165 καὶτῆς
368 2130 506 2166 ἡμετέρας
517 2130 633 2162 πίστεως
650 2131 664 2157 ό
676 2129 764 2165 λόγος,
775 2131 823 2157 καὶ
836 2130 882 2157 τοῦ

95 2175 263 2210 Εὐαγγελίου
279 2177 293 2203 ὁ
309 2176 381 2213 ὅρος,
395 2176 441 2203 καὶ
454 2176 509 2203 τῶν
528 2176 683 2203 ἀποστόλων
696 2176 727 2203 τὸ
743 2176 882 2212 κήρυγμα,

95 2222 209 2250 καὶτῶν
220 2222 392 2259 προφητῶνή
409 2223 555 2258 μαρτυρία,
569 2222 617 2250 καὶ
629 2223 679 2259 τῆς
692 2222 882 2260 πληρωθείσης
897 2241 920 2268 D

95 2269 251 2305 οἰκονομίας
267 2270 283 2304 ἡ
299 2269 471 2303 κατανόησις.

133 2315 160 2343 5.
174 2316 276 2342 Εἴπατε
291 2315 390 2347 τοίνυν,
400 2315 458 2347 πῶς
465 2314 558 2349 λέγετε
568 2314 633 2342 Θεὸν
647 2315 679 2341 ἐκ
688 2314 813 2352 Ναζαρὲτ
824 2315 881 2351 (50)

95 2361 270 2397 γεγενῆσθαι,
285 2362 332 2397 τῆς
353 2361 477 2396 θεότητος
491 2360 528 2393 ὡς
548 2360 634 2396 ἀρχὴν
651 2360 783 2394 γενέσεως
797 2361 882 2396 ἀπαγ-

96 2406 238 2440 γέλλοντες
253 2406 324 2434 κατὰ
345 2406 449 2434 Παῦλον
464 2407 511 2433 τὸν
525 2406 694 2441 Σαμοσατέα,
712 2405 729 2440 ἢ
748 2406 797 2441 τῆς
818 2415 882 2442 σαρ-

930 934 985 962 tis?
1013 943 1066 970 qua
1083 936 1116 964 de
1133 943 1216 964 causa
1230 936 1405 964 simulatione
1419 937 1548 965 utimini?
1579 942 1606 965 et
1631 945 1716 972 quare

929 980 1018 1015 palam
1035 989 1090 1009 non
1105 982 1206 1014 dicitis,
1221 990 1295 1016 eum,
1312 990 1367 1011 non
1380 988 1519 1018 assumpta
1534 983 1604 1011 servi
1617 983 1714 1017 forma,

929 1024 1068 1054 hominem
1086 1026 1187 1055 factum
1207 1027 1307 1061 fuisse,
1322 1028 1369 1056 sed
1381 1028 1459 1063 quasi
1475 1028 1612 1055 hominem
1631 1036 1715 1064 appa—

929 1070 1040 1098 ruisse?
1058 1079 1089 1099 ca
1106 1073 1205 1108 quippe
1223 1076 1265 1101 est
1284 1073 1506 1108 interrogationis
1520 1078 1616 1101 vestra:
1632 1074 1716 1109 signi-

929 1116 1029 1149 ﬁcatio,
1039 1125 1092 1152 qua
1105 1118 1299 1150 fraudulenter,
1310 1118 1377 1153 ipse,
1389 1122 1415 1145 et
1427 1118 1494 1152 ipse,
1507 1118 1603 1145 iterato
1614 1118 1714 1147 dicitis.

929 1163 1044 1198 Ideoque
1055 1170 1125 1190 veru:
1135 1163 1316 1191 incarnationi
1327 1163 1466 1191 adversari
1479 1164 1603 1197 studetis,
1613 1172 1716 1199 nosque

930 1208 1074 1237 calumniis
1091 1209 1271 1244 oppugnatis,
1286 1209 1432 1244 dicitisque
1448 1219 1454 1236 :
1471 1208 1599 1237 llomiues
1621 1209 1659 1236 illi
1675 1210 1716 1237 di-

930 1260 995 1283 cunt
1010 1254 1147 1282 Christum
1163 1262 1223 1282 esse
1241 1255 1377 1282 hominem
1402 1255 1448 1290 qui
1473 1254 1542 1283 Deus
1564 1254 1652 1283 factus
1669 1255 1714 1283 sit.

930 1299 1032 1335 Ecquid
1046 1299 1097 1327 sibi
1113 1300 1170 1327 vult
1182 1299 1248 1327 illud
1263 1309 1269 1326 :
1284 1299 1317 1326 In
1333 1300 1463 1335 principio
1481 1306 1538 1328 erat
1557 1300 1717 1327 Verbum“?

930 1349 973 1378 ct,
993 1344 1122 1371 Formam
1149 1345 1216 1372 servi
1243 1345 1408 1379 accipiens"
1423 1365 1430 1377 ,
1449 1344 1537 1372 factus
1557 1349 1599 1373 est
1617 1345 1717 1372 homo?

930 1397 1023 1425 quam,
1040 1393 1088 1416 aut
1102 1389 1251 1422 hominem,
1268 1389 1360 1423 aiunt,
1381 1398 1443 1417 cum
1460 1389 1515 1417 Deo
1528 1390 1715 1423 exsistentem,

930 1439 978 1463 aut
992 1435 1130 1462 hominem
1145 1434 1200 1462 Deo
1223 1435 1412 1470 complicatum
1426 1457 1433 1468 ,
1451 1440 1497 1463 aut
1511 1436 1647 1464 hominem
1668 1443 1717 1472 pro

931 1481 1032 1509 mundo
1049 1485 1202 1514 mortuum,
1216 1485 1243 1508 et
1257 1481 1303 1516 qui
1319 1489 1382 1516 pars
1395 1482 1487 1509 mundi
1501 1483 1536 1509 sit
1550 1491 1557 1510 :
1570 1486 1617 1511 aut
1629 1483 1716 1510 homi-

932 1535 993 1556 nem
1017 1528 1121 1563 peccati
1136 1535 1191 1555 non
1206 1533 1341 1564 expertem
1360 1533 1429 1556 :aut
1453 1529 1588 1557 hominem
1614 1530 1717 1565 angelis

932 1574 1108 1609 imperantem
1123 1583 1129 1601 :
1144 1579 1192 1602 aut
1213 1574 1350 1602 hominem
1376 1575 1423 1610 qui
1439 1583 1454 1602 a
1476 1576 1607 1602 creaturis
1621 1576 1717 1603 adore-

933 1624 996 1647 tur:
1010 1624 1056 1647 aut
1072 1619 1209 1647 hominem
1233 1620 1280 1655 qui
1297 1619 1429 1648 Dominus
1445 1621 1495 1652 sit,
1520 1619 1627 1647 dicente
1645 1619 1716 1655 Apo-

931 1666 1002 1693 stolo
1016 1674 1024 1693 :
1041 1665 1141 1692 Paulus
1157 1674 1246 1692 servus
1259 1664 1324 1692 Iesu
1339 1665 1439 1693 Christi
1450 1666 1473 1683 “
1491 1675 1497 1693 ι
1513 1670 1559 1693 aut
1579 1666 1715 1694 hominem

932 1711 1091 1739 cruciﬁxum
1103 1731 1109 1743 ,
1126 1712 1173 1746 qui
1188 1711 1320 1739 Dominus
1333 1712 1367 1739 sit
1382 1712 1474 1748 gloriae
1492 1722 1499 1740 :
1515 1717 1561 1740 aut
1577 1712 1715 1740 homirnam

931 1757 978 1793 qui
994 1757 1052 1785 haec
1069 1757 1181 1785 audiat:
1197 1757 1262 1785 Sede
1278 1766 1295 1784 α
1312 1758 1412 1785 dextris
1429 1759 1493 1786 meis
1505 1758 1527 1774 ⁸⁷
1543 1768 1549 1786 :
1565 1764 1612 1787 aut
1629 1759 1717 1787 homi-

932 1810 994 1830 nem
1011 1803 1058 1838 qui
1072 1807 1202 1830 venturus
1220 1803 1266 1837 sit,
1279 1808 1308 1830 ut
1319 1805 1451 1831 mundum
1464 1804 1576 1839 judicet.
1599 1805 1662 1834 Haec
1674 1812 1717 1834 est

931 1849 1018 1875 lutosa
1033 1852 1121 1875 vestra
1133 1848 1276 1880 subrersio,
1289 1856 1342 1883 qua
1354 1849 1478 1876 h0mines
1500 1850 1599 1884 potatis
1620 1855 1647 1878 et
1673 1851 1717 1878 in—

931 1893 1080 1921 ebriatis“.
1094 1893 1260 1929 Interrogata
1274 1901 1338 1929 ergo
1347 1893 1465 1926 Judaeos,
1477 1900 1505 1922 ut
1516 1903 1575 1922 cum
1589 1895 1646 1923 haec
1659 1896 1717 1931 ipsa

933 1941 1014 1969 verba
1029 1946 1123 1970 contra
1139 1941 1278 1969 Christum
1289 1962 1297 1975 ,
1311 1945 1337 1969 et
1351 1946 1446 1969 contra
1459 1940 1561 1970 Christi
1578 1942 1668 1971 ﬁdeles
1683 1943 1717 1971 ab

931 1987 985 2015 illis
1001 1988 1105 2023 prolata
1122 1987 1261 2015 audieritis
1273 2007 1281 2019 ,
1295 1987 1473 2016 erubescatis.
1498 1988 1598 2016 Discite
1609 1996 1718 2024 quoque

932 2034 966 2061 ah
979 2034 1040 2062 aliis
1057 2035 1189 2062 hatretieis
1199 2055 1206 2067 ,
1221 2035 1267 2069 qui
1279 2033 1372 2061 eadem
1390 2042 1451 2070 quae
1466 2043 1514 2063 vos
1530 2035 1677 2071 loquuntur
1690 2041 1718 2063 et

932 2081 1061 2108 sentiunt.
1072 2079 1101 2107 ln
1112 2081 1229 2108 medium
1241 2080 1411 2108 adducantur
1422 2081 1512 2116 itaque
1528 2082 1716 2109 hereticorum

932 2127 1067 2161 dogmata,
1080 2132 1170 2156 vestra
1186 2129 1329 2161 sententia,
1345 2128 1406 2156 ﬁdei
1422 2133 1521 2156 nostra:
1533 2128 1613 2160 ratio,
1627 2126 1717 2155 Eran-

932 2173 992 2208 gelii
1003 2173 1134 2206 deiinitio,
1147 2175 1332 2210 apostolorum
1343 2174 1510 2210 praedicatio.
1523 2174 1716 2210 prophetarum

934 2220 1118 2248 testimonium
1130 2240 1137 2254 ,
1154 2225 1181 2249 et
1205 2225 1321 2256 peracta:
1346 2219 1503 2249 (nconomize
1520 2227 1602 2248 verus
1619 2219 1716 2248 modus

934 2274 1051 2302 veraque
1064 2268 1144 2294 ratio.

969 2313 995 2341 5.
1016 2312 1186 2348 Rcspondete
1211 2314 1312 2350 igitur,
1336 2321 1389 2350 qua
1404 2313 1511 2341 ratione
1526 2312 1616 2340 dicitis
1633 2313 1717 2339 Deum

934 2367 968 2387 ex
990 2358 1106 2387 Nazarel.
1127 2359 1229 2387 factum
1248 2359 1344 2392 fuisse,
1359 2359 1506 2394 deitatique
1525 2358 1632 2385 initium
1645 2358 1718 2385 exsi-

934 2405 1022 2434 stendi
1032 2405 1110 2441 juxta
1126 2405 1239 2433 Paulum
1255 2405 1476 2434 Samosatensetn
1490 2404 1647 2437 aseribitis;
1671 2407 1717 2431 aut

132 2463 156 2480 ⁸⁸
173 2463 251 2492 Joan.
268 2471 288 2497 ι,
304 2463 329 2491 l.
366 2464 388 2480 ⁸³
407 2463 522 2499 Philipp.
538 2471 570 2497 ιι,
584 2463 609 2490 ’1.
647 2462 670 2479 ⁸⁸
690 2462 768 2490 Rom.
786 2471 806 2496 ι,
821 2463 848 2490 l.
885 2465 888 2479 '

934 2464 1001 2492 Psal.
1019 2472 1074 2498 cu,
1090 2465 1115 2492 1.
1154 2466 1176 2481 ⁸⁸
1196 2464 1296 2492 Ηιιιιιιο.
1312 2473 1342 2497 ιι,
1357 2465 1400 2492 l5.

134 2522 189 2556 (2‘2)
210 2523 352 2559 Πάμφυλοι
367 2523 507 2559 γεγόνατε,
519 2529 614 2550 omnes
621 2521 676 2549 fere
690 2522 878 2557 manuScripti.

99 2558 171 2594 Editi
183 2558 260 2594 vero,
278 2558 411 2594 πάμφιλοι
424 2558 563 2594 γεγόνατε.

133 2593 190 2628 (23)
211 2593 272 2629 Srg.
293 2591 435 2629 Aitglicati.
449 2593 527 2621 Guhl.
551 2595 579 2620 et
599 2591 718 2620 Felckm.
737 2592 763 2626 Ι,
777 2591 879 2628 διαιρέ-

99 2636 167 2660 σεως
182 2629 310 2660 διάνοιαν,
327 2630 416 2656 minus
428 2634 509 2656 recte.

135 2663 190 2698 (24)
212 2663 274 2698 Srg.
291 2664 369 2691 Gohl.
387 2669 414 2690 et
429 2663 550 2698 Ιῖιλιοιιιιιἶ
568 2662 600 2698 1,
608 2662 766 2698 γενομένης.

137 2699 192 2734 (25)
213 2697 295 2726 Basil.
316 2699 379 2734 Seg.
397 2698 474 2726 Gohl.
491 2703 518 2725 et
531 2697 689 2734 Feleltle,
705 2697 882 2734 επικαλύπτε-

96 2731 146 2761 τε(
161 2733 222 2760 Mox
241 2734 267 2760 in
284 2734 340 2761 haec
355 2731 446 2765 verba,
462 2733 502 2760 ὅτι
521 2732 580 2767 οὐχὶ
602 2731 691 2758 λαϐὼν
705 2732 798 2768 δούλου
816 2741 881 2768 μορ-

97 2742 140 2761 τε.
161 2741 222 2760 ΜΟΧ
241 2741 267 2760 I“
284 2741 340 2761 ιιωο
355 2741 446 2765 verba,
462 2742 502 2760 οτι
521 2741 580 2767 ουχι
603 2741 691 2758 Λαοων
705 2741 798 2759 οουλου
815 2741 881 2794 μορ-

97 2770 163 2805 φὴν,
177 2770 191 2795 ό
201 2768 382 2805 ὼξαπάτρης,
395 2769 517 2805 aliusque
538 2767 698 2805 scholiastes
712 2767 738 2794 in
752 2767 812 2794 Felc
835 2788 841 2794 .
853 2767 881 2805 2,

97 2802 150 2839 δρα
164 2804 211 2831 καὶ
224 2803 304 2830 τοῦτο
324 2802 420 2839 (quod
440 2804 544 2839 scilicet
566 2802 645 2839 quasi
667 2803 848 2839 honuresset.
861 2803 881 2839 Αὸ

100 2837 196 2875 Λόγος.
211 2837 374 2873 apparuerit)
388 2837 464 2875 οἶμαι
477 2838 521 2865 τὸν
531 2837 654 2871 θεόλογον
668 2837 800 2873 δέχεσθαι.
813 2837 879 2866 ibid.

101 2873 176 2910 Seg.,
192 2874 298 2910 ἐγένετο
311 2873 461 2911 ἄνθρωπος.

966 2524 1023 2564 (26)
1042 2524 1153 2564 Ταύτην.
1166 2523 1226 2564 γὰρ
1241 2525 1309 2564 ἔχει.
1324 2523 1491 2564 τὴν-πεῦσιν
1507 2525 1522 2550 ό
1535 2523 1614 2564 λόγος
1629 2525 1716 2564 oath-vl.

933 2559 994 2594 Seg.
1011 2559 1087 2592 Item,
1105 2559 1184 2587 Gobl.
1202 2559 1228 2586 et
1240 2559 1358 2586 Felckm.
1377 2559 1389 2586 l
1411 2559 1523 2591 habent,
1534 2559 1641 2588 πεῦσιν.
1650 2559 1718 2588 Edi-

931 2595 962 2628 ti,
972 2594 1077 2638 ,τρεέτην
1092 2595 1204 2638 παρέχει
1218 2595 1267 2638 τῂν
1280 2594 1401 2638 πγεξῖσιν.

970 2629 1026 2666 (27)
1047 2629 1121 2665 Seg.,
1133 2629 1180 2666 καὶ
1192 2629 1272 2666 πάλιν
1285 2629 1315 2666 τὸ
1330 2630 1359 2666 ὲν
1372 2630 1453 2665 ἀρχῇ.

970 2664 1026 2701 (28)
1047 2664 1145 2692 Ἦᾶνθ
1151 2673 1238 2701 ρωπον
1248 2664 1331 2701 ῨΘεῷ,
1340 2664 1401 2699 Seg.

971 2667 1015 2701 (28
1047 2667 1082 2692 Ἣ
1099 2667 1238 2701 ἄνθρωπον
1252 2667 1321 2699 Θεῷ,
1340 2667 1401 2699 Seg.

971 2667 1027 2736 (29)
1049 2701 1128 2728 Gohl.
1146 2706 1173 2727 et
1185 2700 1304 2736 Eelckm.
1322 2700 1347 2732 l,
1364 2698 1603 2736 παράντῷνγᾶλλων
1616 2701 1718 2736 αἱρετι-

935 2736 991 2762 κῶν
1005 2734 1040 2762 τὰ
1053 2736 1184 2771 δόγματα.
1201 2735 1270 2771 Mox;
1280 2734 1353 2771 5705.,
1372 2734 1414 2771 es;
1421 2734 1490 2771 αὐτὰ
1502 2735 1578 2770 ὑμῖν.

972 2771 1028 2799 I50)
1049 2769 1110 2805 chl
1126 2771 1231 2805 Anglic.
1252 2769 1373 2805 Gohltet
1394 2769 1513 2797 Felckm.
1530 2771 1555 2801 l,
1573 2771 1605 2797 ὲκ
1625 2770 1717 2802 Ναζα-

939 2806 997 2868 ρέέιἱ
1010 2803 1098 2868 Egi.—
1106 2807 1134 2833 ὲν
1154 2803 1290 2842 Ναζαρέτ.
1312 2803 1374 2832 Mox
1400 2804 1448 2839 ὡς,
1465 2809 1529 2832 ante
1551 2805 1649 2841 ἀρχήν,
1669 2804 1719 2837 do-

939 2849 965 2868 es
990 2849 1017 2868 in
1070 2848 1096 2868 ιι.

935 2845 977 2868 est
990 2845 1017 2868 in
1034 2845 1096 2876 ὅτε.
