1939 3041
254 122 321 149 “:9

550 122 578 150 5.
602 121 787 150 ATHANASII
807 121 881 149 OPP.
900 119 989 147 PARS
1008 118 1029 147 1.
1045 133 1080 139 -
1100 119 1282 150 HlSTORlCA
1302 122 1345 150 ET
1361 121 1568 150 DOGMATICA.

1782 122 1832 149 lllﬁ

251 184 342 212 carnis
357 184 556 219 generationem
578 184 697 219 negatis,
719 184 798 218 juxta
821 182 983 210 Marcionem
1007 188 1025 207 ei

1086 180 1131 213 κὸς
1155 183 1205 218 τὴν
1227 184 1357 219 γέννησιν·
1372 184 1427 218 (51)
1453 183 1613 219 ἀρνούμενοι
1625 182 1691 209 κατὰ
1709 183 1835 218 Μαρκίωνα

250 231 318 258 alios
336 230 495 263 hereticos;
517 237 567 258 nec
585 230 612 257 in
626 230 734 258 statutis
748 228 911 264 evangelicis
926 227 1030 255 incedi-

250 277 294 308 tis,
311 275 357 303 sed
370 275 452 303 vultis
464 283 497 302 ex
508 276 616 310 propria
629 275 703 310 loqui
718 275 870 303 sententia?
883 274 945 302 Ideo
958 274 1029 301 enim

248 321 349 353 dicitis,
362 320 447 348 Deum
459 329 492 348 ex
510 320 620 356 Virgine
636 325 729 348 natum
747 329 817 353 esse,
833 328 865 347 ac
880 328 932 347 non
944 319 1028 346 Deum

249 370 275 392 ct
294 366 446 398 hominem,
467 366 544 400 juxta
569 367 751 402 evangelicam
777 367 960 394 deﬁnitionem
976 375 981 392 :
997 372 1030 392 ne

249 411 270 438 si
284 411 374 438 carnis
388 412 590 446 generationem
606 413 803 445 conﬁteamini,
821 413 906 447 ipsam
920 416 1030 438 natura-

248 457 300 484 lem
314 457 457 485 admittere
469 458 602 494 cogamini
612 479 619 490 ,
634 458 715 493 753
731 467 784 494 qua
802 466 866 486 sane
882 459 909 485 in
923 466 951 485 re
967 465 1030 484 vere

247 503 372 531 diceretis
382 512 389 537 ;
399 504 445 531 sed
454 503 538 532 Deum
550 504 669 540 genitum
680 504 828 535 aﬂirmatis,
838 504 883 539 qui
893 503 1028 538 propriam

247 555 356 576 carnem
381 549 470 584 specie
489 553 595 576 tantum
610 550 773 577 exhibuerit.
793 549 852 576 Non
867 549 939 577 enim
958 548 1029 576 Deus

247 595 354 622 initium
375 595 504 623 nascendi
527 603 561 623 ex
576 595 692 623 Nazaret
710 596 822 623 sortitus
835 600 872 622 est
890 605 896 622 :
911 595 956 622 sed
982 595 1028 630 qui

246 641 353 668 exsistit
366 646 428 668 ante
440 642 537 669 mula
550 642 668 670 Verbum
682 641 762 675 Deus,
778 650 811 669 ex
823 641 937 669 Nazaret
948 642 1029 668 homo

246 686 322 714 visus
334 691 376 714 est
389 696 396 714 :
409 693 490 715 natus
498 695 531 715 ex
540 687 623 716 Maria
634 688 754 724 Virgine.
768 693 794 715 et
809 687 910 722 Spiritu
923 693 1027 721 sancto,

248 731 275 757 in
291 730 433 759 Bethleem
457 731 580 768 Iudaeam
588 741 621 760 ex
639 734 742 761 semine
757 733 857 766 David,
869 734 984 761 Abrahre
1002 738 1029 761 et

245 777 320 809 Adae,
334 777 373 804 uti
389 778 520 812 scriptum
535 784 594 806 est:
606 780 750 814 omniaque
761 779 909 815 assumpsit
920 787 953 807 ex
966 779 1028 806 Vir-

246 822 309 855 gine
320 841 327 853 .
345 831 513 858 quaecunque
530 825 564 852 ab
580 825 656 853 initio
672 825 744 853 Deus
762 826 795 853 ad
807 826 1027 854 constitutionem

1082 229 1128 254 καὶ
1144 230 1206 260 τοὺς
1219 229 1312 261 ἄλλους
1327 231 1491 266 αἱρετικοὺς,
1511 229 1540 255 οὐ
1617 228 1773 264 εὐαγγελικῷ
1784 237 1837 255 στοι-

1082 273 1191 308 χοῦντες
1207 275 1271 309 ὅρῳ,
1288 274 1344 301 ἀλλ’
1361 276 1393 301 ὲκ
1408 274 1462 301 τῶν
1474 274 1545 300 ἰδίων
1561 273 1648 300 λαλεῖν
1665 273 1787 305 θέλοντες;
1800 273 1838 299 Διὰ

1080 319 1158 345 τοῦτο
1174 320 1228 355 γὰρ
1240 320 1332 354 λέγετε
1346 320 1411 346 Θεὸν
1423 319 1602 355 γεγεννῆσθαι
1609 320 1642 345 ἐκ
1655 319 1790 355 Παρθένου,
1801 320 1838 346 καὶ

1081 365 1140 400 οὐχὶ
1157 366 1222 393 Θεὸν
1240 367 1286 393 καὶ
1305 366 1361 401 (52)
1381 366 1520 401 ἄνθρωπον
1536 365 1606 392 κατὰ
1624 365 1667 392 τὸν
1688 364 1840 399 εὐαγγελικὸν

1080 412 1158 447 ὄρον-
1177 412 1220 438 ἴνα
1241 412 1355 448 μήποτε,
1376 412 1500 447 γέννησιν
1520 412 1618 447 σαρκὸς
1638 411 1837 447 ὁμολογήσαντες,

1081 458 1197 493 φυσικὴν
1213 458 1297 493 αὐτὴν
1306 457 1411 493 εἴπητε,
1423 457 1633 493 ὲπαληθεύοντες
1647 456 1684 492 τῷ
1692 457 1772 491 λόγῳ’
1785 456 1840 483 ἀλλὰ

1080 503 1145 530 Θεὸν
1160 503 1331 539 γεννηθέντα,
1350 503 1418 530 ἰδίαν
1430 504 1458 529 δὲ
1473 503 1562 539 σάρκα
1576 503 1632 538 (55)
1646 502 1760 535 δείξαντα
1773 502 1805 533 ὡς
1817 503 1841 528 ὲν

1079 549 1197 584 δοκήσει.
1211 549 1247 576 υὺ
1260 549 1313 584 γὰρ
1330 549 1416 584 ἀρχὴν
1428 549 1579 584 γεννήσεως
1598 549 1630 575 ὲκ
1639 548 1841 584 Ναζαρὲτόθεὸς

1079 594 1262 621 ἐπιδείκνυται
1272 603 1279 609 ·
1296 594 1353 621 ἀλλ’
1368 596 1382 621 ὁ
1406 595 1535 630 ὑπάρχων
1554 594 1608 630 πρὸ
1625 594 1677 620 τῶν
1688 593 1783 621 αἰώνων
1797 593 1840 619 Λό-

1079 649 1127 674 γος
1142 640 1208 672 Θεὸς
1223 641 1256 667 ὲκ
1273 641 1400 676 Ναζαρὲτ
1417 640 1558 676 ἄνθρωπος
1572 640 1659 676 ὤφθη,
1677 639 1804 675 γεννηθεὶς
1816 640 1841 665 ὲκ

1079 686 1187 720 Μαρίας
1201 686 1251 720 τῆς
1271 685 1410 722 Παρθένου
1433 686 1479 713 καὶ
1496 686 1652 721 Πνεύματος
1671 686 1743 719 ἁγίου
1759 685 1807 719 (54)
1819 685 1843 711 ὲν

1080 731 1203 766 Βηθλεὲμ
1217 731 1267 766 τῆς
1282 731 1421 764 Ἰουδαίας,
1443 732 1475 758 ὲκ
1493 731 1648 766 σπέρματος
1659 731 1737 757 Δαὸὶδ
1752 731 1792 757 καὶ
1807 730 1842 756 Ἀ-

1079 776 1181 812 ὕραὰμ,
1193 777 1240 803 καὶ
1251 776 1298 804 τοῦ
1317 777 1411 812 Ἀδὰμ,
1429 777 1466 808 ὡς
1479 777 1632 812 γέγραπται
1644 785 1651 792 ·
1672 777 1755 803 πάντα
1768 775 1843 802 λαίὼν

1079 823 1134 857 (55)
1157 824 1189 850 ὲκ
1200 823 1349 859 Παρθένου,
1369 824 1419 850 ὅσα
1434 823 1552 859 ἀρχῆθεν
1570 824 1584 850 δ
1600 824 1666 855 Θεὸς
1678 824 1716 855 είς
1732 823 1844 849 σύστασιν

247 867 365 896 hominis
376 868 527 898 eﬁ‘ormavit
541 875 568 898 et
584 871 714 904 condidit,
731 876 843 906 excepto
855 876 976 906 peccato.
994 871 1025 899 Ut

1079 868 1220 906 ἀνθρώπου
1239 870 1337 896 ἔπλασε
1357 871 1403 897 καὶ
1427 870 1537 904 ἐποίησε
1554 869 1638 905 χωρὶς
1658 869 1799 905 ἁμαρτίας·
1812 868 1843 899 ὡς

246 914 393 950 Apostolus
418 923 526 951 quoque
540 917 579 944 ait
594 926 601 943 :
617 916 671 944 Pro
686 917 859 944 similitudine
872 926 918 952 per
928 919 1027 951 omnia,

246 964 342 994 praeter
369 966 505 996 peccatum
517 961 539 978 ”
557 971 564 995 ;
580 969 630 989 nec
659 963 807 990 divinitatis
839 964 1026 996 mutationem,

246 1005 295 1033 sed
311 1005 487 1035 humanitatis
507 1008 707 1036 innovationem
726 1010 839 1037 arbitrio
859 1018 909 1038 suo
923 1010 1026 1042 eﬂecit;

246 1059 302 1086 quo
314 1058 408 1088 gentes
423 1054 532 1082 Christo
546 1056 745 1090 concorporales
759 1061 783 1084 ει
797 1058 996 1091 comparlicipes
1005 1057 1028 1073 "

247 1098 361 1131 tierent,
388 1100 617 1134 quemadmodum
644 1101 738 1129 scribit
761 1101 927 1136 Apostolus:
947 1107 1029 1137 utque

247 1143 328 1171 homo
357 1153 448 1172 revera
476 1145 562 1178 Deus,
580 1151 607 1174 et
631 1148 703 1177 Deus
720 1157 813 1177 revera
835 1150 915 1178 homo
932 1150 1001 1177 foret
1020 1161 1026 1178 :

245 1195 372 1225 essetque
385 1190 430 1218 ille
446 1199 509 1219 vere
524 1192 606 1220 homo
618 1214 626 1226 ,
641 1199 668 1221 et
690 1202 752 1222 vere
776 1195 847 1223 Deus
864 1205 870 1223 :
888 1203 941 1223 non
957 1197 1028 1231 quod

246 1233 328 1262 homo
339 1235 410 1270 apud
422 1235 506 1264 Deum
518 1242 601 1271 esset,
617 1244 646 1266 ut
662 1247 710 1267 vos
724 1240 920 1269 calumniantes
929 1263 935 1274 ,
947 1241 1027 1269 Chri-

246 1279 451 1317 stianorumque
476 1284 606 1318 mysterio
634 1285 816 1314 ohlreclantes
845 1287 935 1315 dicitis
956 1297 963 1314 :
981 1288 1027 1315 sed

245 1326 319 1359 quod
336 1325 391 1354 Deo
410 1328 548 1363 unigenito
563 1329 714 1364 placuerit,
729 1332 895 1367 plenitudine
910 1341 966 1360 suae
985 1334 1028 1360 di-

244 1372 366 1400 vinitatis
379 1373 516 1409 archetypi
529 1375 646 1404 hominis
658 1381 791 1411 naturam,
802 1386 956 1414 novumque
970 1371 1038 1414 opi-.

245 1418 337 1445 ﬁcium
352 1439 360 1451 ,
379 1426 412 1446 ex
427 1423 504 1447 utero
522 1420 641 1456 Virginis
659 1423 685 1450 in
700 1423 790 1459 seipso
812 1432 861 1460 per
877 1426 1026 1454 naturalem

244 1465 464 1500 generationem,
487 1472 514 1495 et
531 1467 745 1496 indissolubilem
773 1471 901 1498 unionem
924 1477 1027 1500 restau-

245 1517 323 1544 rare;
341 1515 371 1538 ut
389 1515 419 1539 et
433 1519 482 1546 pro
503 1513 659 1541 hominibus
674 1514 792 1542 salutare
804 1516 941 1551 negotium
963 1524 1026 1552 per-
1039 1530 1062 1560 ρ

246 1558 348 1589 ticeret,
363 1557 444 1592 inque
462 1560 598 1594 passione,
615 1566 701 1589 morte
711 1567 738 1589 et
755 1564 963 1597 resurrectione,
978 1566 1025 1593 ho-

244 1603 349 1630 minum
360 1604 574 1640 redemptionem
593 1607 754 1635 absolveret.

280 1737 306 1765 δ.
320 1737 376 1766 Sed
389 1739 506 1774 objicitis
520 1750 525 1768 :
541 1740 570 1768 Si
585 1743 675 1770 omnia
685 1744 799 1778 accepit,
813 1752 880 1773 sane
895 1750 921 1773 et
934 1746 1027 1774 huma-

244 1791 294 1811 nas
310 1785 488 1820 cogitationes
502 1787 594 1816 habuit
607 1798 614 1816 :
626 1789 793 1824 impossibile
806 1796 895 1820 autem
906 1798 957 1825 est,
974 1793 1022 1820 hu-

244 1831 333 1858 manis
347 1832 558 1866 cogitationibus
569 1843 623 1862 non
635 1835 724 1863 inesse
737 1842 875 1871 peccatum
893 1847 899 1865 :
911 1846 1026 1874 quomo-

243 1875 282 1902 do
295 1876 376 1911 igitur
388 1876 512 1907 Christus
525 1879 628 1914 absque
638 1886 748 1914 peccato
760 1882 832 1909 erit?
846 1882 902 1909 Imo
914 1891 1025 1918 respon-

243 1920 304 1949 dete
327 1930 375 1950 vos
399 1923 450 1958 ipsi
479 1934 486 1952 :
512 1924 540 1952 Si
558 1926 715 1954 vitiosarum
739 1927 932 1963 cogitationum
954 1929 1024 1957 Deus

242 1973 350 1996 creator
363 1970 454 2003 fuerit,
472 1972 671 2008 adjungendum
688 1974 742 2001 Deo
758 1979 799 2002 est
812 1975 949 2010 proprium
964 1976 1024 2010 opi-

243 2014 333 2041 ﬁcium
349 2025 356 2043 :
372 2017 446 2043 venit
461 2017 532 2044 enim
547 2023 577 2045 ut
588 2019 727 2054 proprium
742 2027 810 2055 opus
830 2021 881 2048 sibi
896 2021 1025 2057 adjunge-

242 2065 293 2087 ret.
307 2060 360 2088 Sed
374 2068 406 2088 eo
418 2067 497 2096 pacto
520 2063 621 2098 injusto
652 2072 718 2091 sane
727 2064 831 2099 judicio
842 2069 966 2100 peccator
977 2066 1025 2093 da-

241 2111 360 2134 mnatur.
377 2106 445 2134 Nam
455 2108 477 2136 si
493 2109 606 2137 vitiosas
625 2110 804 2145 cogitationes
827 2112 929 2138 creavit
943 2111 1022 2144 Deus,

241 2152 306 2185 quid
320 2156 362 2180 est
372 2153 445 2188 quod
461 2159 618 2188 peccantem
632 2156 812 2183 condemnet?
823 2162 869 2184 aut
879 2157 925 2192 qui
937 2162 1024 2192 potest

1079 916 1125 942 καὶ
1141 916 1154 941 ὁ
1173 915 1330 947 Ἀπόστολος
1343 915 1432 949 λέγει·
1444 915 1513 942 Καθ’
1526 915 1682 949 ὁμοιότητα
1699 914 1769 940 κατὰ
1785 912 1843 939 πάγ-

1078 969 1115 988 τα
1128 961 1195 996 (56),
1210 961 1298 995 χωρὶς
1310 962 1465 996 ἁμαρτίας,
1477 961 1507 987 οὐ
1520 961 1569 995 τῆς
1580 961 1705 997 θεότητος
1717 960 1843 996 μεταποίη-

1080 1015 1121 1033 σιν
1131 1007 1342 1042 ἐπιδειξάμενος,
1356 1007 1423 1034 ἀλλὰ
1433 1007 1483 1042 τῆς
1494 1007 1543 1033 ἀνθ
1547 1007 1703 1043 ρωπότητος
1713 1006 1844 1040 statvo-mit;-

1079 1062 1121 1080 σιν
1135 1054 1330 1089 ἐργασάμενος,
1346 1052 1416 1080 κατὰ
1428 1053 1457 1079 τὸ
1470 1052 1552 1079 αὑτοῦ
1570 1052 1676 1088 θέλημα
1687 1061 1694 1068 ο
1709 1052 1775 1079 ὥστε
1787 1050 1843 1078 εἶναι

1078 1099 1112 1125 τὰ
1122 1099 1184 1134 ἔθνη
1197 1100 1354 1133 σύσσωμα,
1371 1098 1419 1125 καὶ
1433 1097 1604 1133 συμμέτοχα
1620 1098 1668 1125 τοῦ
1686 1097 1804 1133 Χριστοῦ,
1813 1097 1843 1127 ὠς

1079 1145 1125 1170 καὶ
1139 1146 1154 1171 ὁ
1176 1144 1333 1176 Ἀπὸστολος
1347 1144 1463 1180 γράψει’
1485 1145 1528 1171 ἵνα
1552 1145 1598 1171 καὶ
1621 1145 1636 1170 ὁ
1652 1144 1787 1180 ἄνθρωπος
1799 1140 1844 1178 (57)

1077 1187 1094 1225 ᾖ
1108 1190 1173 1221 Θεὸς
1187 1189 1303 1225 ἀληθῶς,
1325 1189 1371 1216 καὶ
1389 1191 1403 1216 ὀ
1417 1190 1482 1222 Θεὸς
1534 1189 1677 1226 ἄνθρωπος
1691 1189 1798 1225 ἀληθῶς,
1809 1188 1844 1214 ἵνα

1077 1233 1094 1271 ᾖ
1112 1235 1157 1262 καὶ
1171 1235 1311 1271 ἄνθρωπος
1328 1235 1435 1271 ἀληθῶς
1454 1236 1500 1262 καὶ
1517 1235 1582 1267 Θεὸς
1599 1235 1723 1272 ἀληθῶς·
1740 1235 1794 1269 οὐχὶ
1806 1234 1844 1260 ἁν-

1079 1281 1188 1317 θρὼπου
1200 1282 1267 1318 πρὸς
1284 1282 1328 1309 τὸν
1343 1282 1408 1309 Θεὸν
1424 1282 1509 1314 ὄντος,
1521 1281 1558 1314 ὡς
1572 1283 1653 1318 ὑμεῖς
1669 1280 1844 1316 συκοφαντοῦν-

1077 1337 1122 1360 τες
1135 1328 1237 1362 λέγετε,
1253 1328 1425 1364 διασύροντες
1441 1328 1471 1354 τὸ
1492 1328 1546 1354 τῶν
1563 1328 1733 1364 Χριστιανῶν
1755 1326 1844 1362 μυστή-

1080 1382 1135 1409 ριον
1148 1382 1154 1389 ·
1176 1373 1242 1401 ἀλλὰ
1265 1374 1331 1400 Θεοῦ
1351 1373 1396 1400 τοῦ
1427 1373 1585 1409 μονογενοῦς
1610 1375 1795 1409 εὐδοκήσαντος
1813 1371 1845 1405 τῷ

1078 1419 1239 1456 πληρώματι
1257 1419 1307 1455 τῆς
1326 1419 1451 1456 θεότητος
1468 1420 1550 1447 αὑτοῦ
1571 1420 1620 1455 τὴν
1640 1421 1687 1447 τοῦ
1709 1419 1843 1456 ἀρχετύπου

1078 1466 1175 1492 πλάσιν
1197 1465 1352 1501 ἀνθρώπου,
1370 1467 1415 1492 καὶ
1443 1466 1550 1502 ποίησιν
1567 1467 1674 1502 καινὴν,
1700 1467 1731 1493 ὲκ
1753 1466 1845 1501 μήτρας

1078 1510 1213 1546 Παρθένου
1228 1512 1430 1546 ἀναστήσασθαι
1449 1512 1546 1547 ἑαυτῷ,
1559 1515 1661 1548 φυσικῇ
1679 1512 1793 1547 γεννήσει
1806 1509 1844 1536 καὶ

1077 1557 1166 1592 ἀλύτῳ
1177 1556 1270 1584 ἑνώσει
1282 1558 1351 1593 (58)·
1362 1558 1405 1584 ἵνα
1417 1558 1465 1593 τὴν
1481 1559 1550 1594 ὑπὲρ
1564 1558 1715 1594 ἀνθρώπων
1729 1558 1845 1592 σωτήριον

1077 1601 1265 1636 πραγματείαν
1286 1603 1442 1638 ποιήσηται,
1466 1602 1495 1628 ἐν
1514 1603 1594 1629 πάθει
1615 1605 1665 1630 καὶ
1685 1603 1784 1638 Θανάτῳ
1805 1601 1844 1628 καὶ

1076 1647 1222 1674 ἀναστάσει
1238 1647 1286 1682 τὴν
1308 1649 1443 1684 σωτηρίαν
1462 1648 1516 1675 τῶν
1531 1649 1684 1685 ἀνθρώπων
1695 1647 1843 1685 κατεργαζό-

1078 1702 1168 1728 μενος.

1110 1737 1136 1764 6.
1153 1738 1233 1764 Ἀλλὰ
1251 1739 1355 1773 λέγετε,
1374 1739 1426 1773 ὅτι,
1443 1740 1468 1765 εί
1485 1741 1573 1767 πάντα
1592 1739 1685 1773 ἔλαϐε,
1698 1740 1798 1769 πάντως
1805 1737 1842 1772 δή·

1075 1792 1126 1810 που
1141 1785 1189 1811 καὶ
1209 1785 1271 1816 τοὺς
1294 1785 1479 1820 ἀνθρωπίνους
1492 1785 1638 1821 λογισμοὺς
1656 1784 1741 1821 εἶχεν·
1763 1784 1844 1811 ἀδύνα-

1075 1839 1120 1856 τον
1132 1830 1160 1856 δέ
1171 1831 1242 1857 ἐστιν
1258 1831 1287 1857 ὲν
1302 1830 1440 1866 λογισμοῖς
1451 1831 1505 1868 (59)
1523 1831 1703 1868 ἀνθρωπίνοις
1725 1829 1842 1866 ἁμαρτίαν

1077 1875 1113 1912 μὴ
1128 1874 1197 1902 εἶναι
1209 1884 1215 1890 ·
1230 1877 1276 1902 καὶ
1293 1877 1350 1908 πῶς
1364 1877 1440 1903 ἔσται
1451 1878 1534 1914 χωρὶς
1551 1878 1687 1914 ἁμαρτίας
1698 1879 1712 1905 ὁ
1727 1875 1842 1913 Χριστόςε

1075 1922 1175 1948 Εἴπατε
1191 1923 1296 1949 τοίνυν·
1316 1924 1348 1950 Et
1369 1923 1422 1950 τῶν
1443 1925 1638 1960 ἁμαρτητικῶν
1663 1923 1792 1959 λογισμῶν
1806 1922 1843 1956 δη·-

1076 1968 1205 2004 μιουργὸς
1223 1969 1237 1994 ὁ
1253 1969 1329 2001 Θεὸς,
1353 1970 1520 2005 προσακτέον
1536 1970 1574 2006 τῷ
1591 1971 1652 2007 Θεῷ
1667 1971 1716 2007 τὴν
1733 1970 1795 1997 ἰδίαν
1807 1968 1843 2001 δη-

1077 2015 1218 2050 μιουργίαν
1230 2023 1237 2030 ·
1253 2013 1318 2051 ἦλθε
1335 2016 1388 2053 γὰρ
1401 2016 1583 2051 προσάγεσθαι
1596 2017 1646 2053 τὴν
1661 2018 1728 2044 ὶδίαν
1741 2017 1842 2051 ποίησιν.

1081 2060 1160 2088 Ἀλλὰ
1176 2061 1266 2093 ἄδικος
1291 2062 1365 2088 ἔσται
1383 2063 1463 2089 πάλιν
1487 2064 1503 2098 ὴ
1526 2063 1616 2099 κρίσις
1644 2063 1844 2094 καταδικάζουσα

1075 2106 1130 2141 (40)
1153 2107 1198 2133 τὸν
1214 2109 1410 2144 ἀμαρτήσαντα
1421 2117 1427 2124 ’
1448 2110 1471 2135 εἱ
1487 2109 1542 2145 γὰρ
1569 2110 1770 2146 ἁμαρτητικοὺς
1783 2108 1845 2141 λογι-

1077 2153 1161 2188 σμοὺς
1181 2153 1394 2189 ἐδημιούργησεν
1417 2155 1431 2181 ὁ
1458 2154 1533 2186 Θεὸς,
1548 2155 1606 2187 πῶς
1624 2153 1793 2186 καταδικάζει
1807 2153 1844 2179 τὸν

239 2205 255 2224 a
269 2197 323 2225 Deo
332 2198 628 2234 huiusmodi-judicium
640 2202 773 2236 proﬁcisci
782 2203 795 2229 ?
804 2202 881 2235 Quod
892 2203 914 2230 si
925 2203 1022 2236 Adam,

1079 2199 1287 2234 ἀμαρτήσαντα;
1305 2200 1352 2226 καὶ
1374 2199 1432 2231 πῶς
1448 2198 1502 2228 οἷόν
1517 2209 1545 2227 τε
1561 2201 1637 2236 παρὰ
1650 2200 1717 2227 Θεοῦ
1732 2198 1844 2232 τοιαύτην

240 2247 385 2278 antequam
402 2243 449 2271 Dei
462 2244 618 2272 mandatum
634 2247 876 2281 transgrederetnr,
888 2248 1021 2277 eiusmodi

274 2310 296 2326 ’⁸
316 2310 398 2338 Hebr.
412 2320 447 2345 IV,
462 2311 506 2340 15.
545 2312 568 2329 ’θ
586 2312 686 2348 Ephes.
703 2322 745 2346 Ill,
761 2314 788 2343 6.

275 2368 332 2401 (Si)
354 2369 392 2405 tta
415 2369 522 2405 Anglic.
548 2370 611 2405 Seg.
630 2371 708 2399 Gobl.
726 2379 752 2398 et
768 2373 885 2400 Felrkm.
907 2373 933 2401 1.
951 2375 1022 2402 Editi

238 2410 314 2444 vero,
329 2404 446 2438 γένεσιν.
468 2405 530 2432 Mox
544 2405 639 2440 Basil.,
656 2408 718 2438 τοὺς
733 2408 828 2439 ἄλλους
846 2409 899 2436 τῶν
920 2410 1020 2446 αἱρετι-

239 2446 294 2465 κων
298 2459 308 2465 .

275 2473 331 2514 (σε)
351 2475 420 2514 Καί..
431 2475 507 2514 deest
519 2476 548 2514 in
564 2476 641 2514 Gobl.
662 2482 688 2504 et
705 2478 823 2506 Felckm.
835 2479 866 2514 Vl.
881 2478 942 2506 Mox
957 2480 1019 2514 Seg.

238 2509 316 2549 Gobl.
335 2516 361 2537 et
376 2510 494 2549 Felckm.
516 2511 540 2544 Ι,
565 2512 689 2548 γέννησιν
703 2514 813 2549 σαρκός.
834 2513 903 2541 Editi
922 2519 948 2542 ct
962 2509 1019 2549 alii,

237 2545 344 2581 γένεσιν
356 2546 466 2581 σαρκός.
630 2559 633 2561 λ

274 2580 330 2620 (ἥδ)
351 2580 468 2620 segnem
479 2581 557 2620 Gobl.
575 2586 601 2620 et
617 2582 734 2620 Felclgm.
752 2585 777 2615 l,
793 2584 860 2611 ἰδίαν
877 2594 906 2611 τε
920 2585 1018 2620 σάρκα.

237 2615 311 2656 Editi.
322 2620 349 2642 et
361 2616 502 2656 alii,__l§£a_w
515 2617 543 2643 δὲ
557 2617 655 2656 σάρκα.
669 2618 727 2645 Mox
744 2619 814 2646 idem
827 2628 888 2647 cum
903 2615 1018 2656 Anglic"

236 2651 397 2685 γεννήσεως.
413 2650 494 2685 Edili,
509 2650 649 2685 γενέσεως.

274 2685 336 2726 (54)-
351 2685 460 2726 Goltler.
474 2693 500 2714 ct
515 2687 632 2726 Ft'letll.
654 2688 680 2721 1.
697 2690 743 2716 καὶ
759 2691 915 2726 σπέρματος
930 2690 1016 2725 ἁγίου.

238 2719 315 2757 Seg.,
329 2722 360 2757 ἐκ
378 2721 535 2754 Πνεύματος
550 2723 639 2757 ἁγίου.

272 2756 327 2792 (ξ5)
349 2756 423 2792 $03.,
443 2757 529 2784 πάντα
544 2759 648 2785 ἐλαϐεν.

351 2791 539 2830 ᾕατὰετάντα,
558 2794 677 2830 diestin
694 2794 756 2830 Seg.

274 2825 329 2862 (57)
351 2825 412 2861 Seg.
430 2826 506 2854 GoI-l.
527 2833 553 2855 et
574 2828 691 2856 Fuit-km.
713 2825 742 2863 ιζ’
763 2830 806 2857 ἵνα
823 2831 868 2858 καὶ
883 2832 895 2858 ὁ
913 2832 1016 2868 ἄνθρω-

1076 2246 1165 2281 κρίσιν
1185 2246 1331 2280 γενέσθαι;
1348 2247 1379 2273 Et
1398 2247 1426 2274 δὲ
1444 2247 1490 2274 καὶ
1508 2248 1522 2273 ὁ
1545 2247 1630 2282 Ἀδὰμ
1655 2247 1780 2274 ὑπέκειτο
1798 2245 1844 2274 τοῖς

1072 2387 1123 2410 πος
1170 2378 1235 2411 Θεὸς
1253 2378 1375 2414 ἀληθῶς·
1391 2379 1450 2414 οὐχὶ
1468 2379 1621 2415 ἀνθρώπου,
1645 2379 1754 2407 omissis
1772 2379 1845 2405 inter—

1073 2415 1180 2441 mediis.

1091 2422 1277 2485 IBasi|.,
1296 2449 1342 2476 καὶ
1354 2449 1485 2485 ἁναλύτῳ.
1499 2449 1570 2482 Mox,
1583 2450 1716 2485 σωτήριον
1735 2449 1809 2485 deest
1821 2446 1843 2472 in

1071 2484 1162 2524 editis,
1177 2485 1223 2524 sed
1250 2485 1346 2524 legitur
1359 2483 1584 2524 inhSngRAnglie.
1600 2483 1685 2524 οριξιπ
1695 2490 1720 2511 et
1733 2483 1843 2524 Felckm.

1071 2520 1169 2558 primo.
1191 2518 1363 2558 Paulolpost
1376 2518 1449 2558 ,δοες
1462 2518 1588 2558 GobLuet
1613 2519 1780 2558 Felckm.__l_.
1800 2518 1843 2558 τῂν

1070 2555 1256 2590 ἀπολύτρωσιν
1272 2554 1327 2581 τῶν
1337 2554 1498 2590 ανθρώπων.
1516 2554 1585 2582 Editi
1605 2562 1671 2581 vero
1684 2559 1712 2581 et
1728 2554 1781 2590 alii,
1801 2554 1843 2586 τὴν

1070 2590 1206 2652 ῗωὶτηρξαν
1217 2589 1277 2631 ,τῶν
1298 2589 1465 2652 ἐινίῖριίιέιτιιὲἕι
1481 2589 1543 2651 ligo;
1570 2590 1637 2622 haec,
1647 2590 1727 2616 Ἀλλὰ
1750 2589 1842 2622 λέγετε,

1080 2633 1103 2651 ιιι
1125 2634 1156 2651 en
1173 2633 1204 2651 ur
1217 2633 1243 2652 1n
1259 2633 1334 2652 svnm
1348 2645 1354 2651 .
1368 2633 1405 2652 vt.
1468 2645 1475 2652 .
1509 2646 1515 2652 .

1080 2633 1405 2661 labenturlnisynonuvi,
1422 2633 1478 2661 act:
1490 2633 1515 2652 δ.
1742 2660 1745 2661 ν
1788 2658 1793 2661 _
1827 2656 1830 2661 _

1108 2634 1204 2652 υθιιιιιι·
1217 2634 1243 2652 1n
1259 2634 1354 2660 synou.
1368 2634 1405 2656 Vl,
1422 2634 1475 2652 act.
1490 2634 1515 2652 δ.
1827 2656 1830 2661 _

1105 2660 1161 2695 (59)
1182 2660 1306 2695 δίοδος.
1323 2659 1399 2687 Gnhl.
1417 2664 1443 2687 et
1460 2660 1578 2695 Felekm.
1595 2661 1619 2690 l.
1639 2665 1722 2694 atque
1740 2660 1774 2686 ita
1787 2658 1841 2691 legit

1068 2693 1201 2722 Nannius.
1218 2693 1298 2731 Eiliti,
1314 2695 1442 2731 ἀδύνατον
1455 2695 1483 2721 δὲ
1497 2693 1530 2730 ἦν
1545 2693 1694 2731 λογισμοῖς.

1105 2731 1161 2767 (40)
1181 2730 1356 2767 Anglicanus,
1380 2727 1606 2767 δημιουργίαννἮ
1623 2727 1722 2767 ’κρίσις
1745 2727 1841 2767 καταδι-

1069 2762 1198 2797 meum.
1212 2762 1279 2793 Ibid.
1291 2765 1365 2801 Seg.,
1374 2762 1592 2801 προσαγαγέσθαι
1608 2762 1668 2801 τήν.
1685 2765 1744 2792 Mox
1756 2762 1840 2794 Ensib,

1068 2801 1158 2832 ἄδικός
1172 2801 1239 2827 ἐστι..
