1939 3041
119 125 182 152 Ηιι
560 130 698 159 CONTRA
717 132 976 162 APOLLINABIUM
994 136 1095 165 LIBER
1117 137 1308 168 SECUNDUS.
1656 141 1725 170 “42

116 185 246 217 τοιούτοις
260 186 407 222 λογισμοῖς,
424 190 487 225 πρὶν
506 190 522 225 ἢ
536 192 697 228 παρακούσῃ
710 193 760 228 τῆς
772 193 818 220 τοῦ
829 194 880 221 Θεο

947 197 1155 232 cogitationibus
1168 199 1304 231 obnoxius
1320 199 1371 228 fuit
1382 221 1390 234 ,
1404 200 1452 236 qui
1464 201 1521 230 fieri
1532 201 1619 238 potuit
1635 206 1665 230 ut
1676 202 1726 230 bo-

114 231 234 266 ὲντολῆς,
252 233 298 259 καὶ
314 234 372 265 πῶς
391 235 439 261 οὐκ
459 235 588 269 ἐγίνωσκε
608 238 689 264 καλὸν
702 239 748 265 καὶ
763 241 878 275 πονηρόν

948 251 1012 269 num
1026 248 1052 270 et
1064 244 1164 272 malum
1178 252 1231 273 non
1246 248 1440 281 cognosceret?
1464 247 1543 276 Certe
1559 253 1655 276 natura
1667 250 1726 284 qui.

114 276 222 311 λογικὸς
237 279 286 314 μὲν
296 278 332 306 ὣν
342 280 390 315 τὴν
403 281 492 315 φύσιν,
507 282 644 318 ἐλεύθερος
655 283 683 310 δέ
696 284 742 311 τὸν
758 285 882 321 λογισμὸν

947 288 1006 314 dem
1018 289 1168 323 rationalis,
1181 276 1344 326 cogitatione
1354 300 1418 320 vero
1428 293 1505 326 liber,
1515 294 1578 321 mali
1588 276 1727 329 experien-

113 324 211 358 πετραν
227 324 311 351 κακοῦ
327 326 376 352 οὐκ
391 326 476 359 εἰδὼς,
504 328 582 362 μόνον
599 328 627 355 δὲ
650 329 680 355 τὺ
711 330 792 356 καλὸν
815 330 881 364 γινώ

946 334 1011 360 tiam
1027 342 1079 361 non
1095 324 1227 370 habebat,
1241 337 1380 372 soliusque
1394 338 1456 366 boni
1473 324 1568 367 notitia
1584 324 1723 375 praeditus.

115 377 197 401 σκων,
218 371 265 396 καὶ
287 370 380 407 ὥσπερ
403 381 444 404 τις
465 374 628 409 μονότροπος
647 375 698 401 ὢν·
720 376 882 411 παραχούσα

946 379 1023 412 quasi
1035 381 1112 406 unius
1124 381 1233 410 moris"
1245 387 1311 410 erat.
1326 382 1472 419 Postquam
1485 389 1575 413 autem
1587 385 1633 413 Dei
1645 393 1722 414 man-

112 415 141 442 δὲ
158 416 207 451 τῆς
226 417 335 452 ἐντολῆς
349 418 395 444 τοῦ
415 419 492 450 Θεοῦ,
510 420 691 447 ὑποπέπτωκε
705 422 760 453 τοῖς
773 422 881 458 ἁμαρτη

945 423 1036 451 datum
1053 429 1238 461 transgressus
1254 431 1311 462 est,
1325 428 1353 456 in
1365 429 1477 458 vitiosas
1491 431 1582 466 lapsus
1596 435 1636 459 est
1649 432 1722 467 cogi-

111 463 198 494 τικοῖς
219 462 356 498 λογισμοῖς
371 464 441 499 (Μ)-
463 465 493 491 οὐ
508 465 554 491 τοῦ
568 466 634 492 Θεοῦ
647 466 882 503 δημιουργήσαντοη

945 470 1059 497 tationes
1076 480 1082 497 :
1097 478 1151 498 non
1165 472 1235 507 quod
1249 472 1319 502 Deus
1335 474 1395 502 illas
1408 462 1585 510 cogitationes
1601 484 1662 512 quae
1671 462 1728 506 nos-

111 508 174 540 ιιοὺς
188 509 435 544 αίχμαλωτίξοντας
451 510 605 546 λογισμοὺς,
628 512 696 539 ἀλλὰ
709 514 755 540 τοῦ
772 514 882 541 διαϐάλοι

945 514 971 541 in
986 516 1168 550 captivitatem
1184 518 1309 553 redigunt
1326 508 1478 548 condiderit
1488 541 1496 554 ,
1511 522 1558 550 sed
1574 508 1647 558 quod
1660 518 1722 552 dia:

113 553 143 586 ἐξ
153 554 261 590 ἀπάτης
277 555 483 592 ἐπισπείραντος
495 559 528 593 τῇ
541 558 635 594 λογικῇ
647 558 725 593 φύσει
737 559 783 586 τοῦ
795 559 882 595 ἀνθρώ

943 560 1023 588 bolus
1039 560 1132 589 fraude
1143 562 1203 591 illas
1225 564 1253 590 in
1267 564 1392 593 rationali
1410 553 1550 595 hominum
1566 553 1674 603 natura,
1691 570 1732 598 im

113 609 174 633 που,
190 601 219 628 ὲν
233 602 384 638 παραὸάσει
396 603 539 640 γενομένῃ,
555 605 601 631 καὶ
612 605 768 641 ἀπωσθείσῃ
780 606 833 632 ἀπὸ
847 606 882 633 τοί

943 606 1163 640 praevaricatione
1178 607 1323 636 constituta
1335 629 1342 642 ,
1353 614 1380 638 et
1392 618 1409 638 a
1421 610 1477 638 Deo
1490 612 1618 647 expulsa,
1641 601 1719 649 quasi

111 646 195 673 θεοῦο
211 647 281 674 ὥστε
299 649 344 675 τὸν
363 648 483 675 διάϐολον
499 650 545 676 καὶ
565 650 646 686 νόμον
660 651 794 686 ἁμαρτίας
809 661 892 678 κατα-

112 693 263 728 στήσασθαι
282 695 310 720 ὲν
329 696 362 729 τῇ
380 694 458 729 φύσει
478 695 525 721 τοῦ
543 695 696 731 ἀνθρώπου,
716 697 762 723 καὶ
780 696 893 724 θάνατον

111 738 285 772 βασιλεύοντα
301 739 344 766 διὰ
362 740 409 766 τοῦ
422 740 501 775 ἔργον
517 741 568 776 τῆς
585 742 729 777 ἁμαρτίας.
748 743 797 769 Διὰ
814 743 893 770 τοῦτο

108 782 156 811 οὖν
172 783 252 820 ἦλθεν
273 786 287 811 ὀ
307 786 370 817 Υἱὸς
391 786 438 812 τοῦ
461 786 538 818 Θεοῦ,
561 787 603 813 ἵνα
624 787 692 824 λύσῃ
716 787 749 815 τὰ
769 788 835 823 ἔργα
845 789 891 815 τοῦ

108 830 244 858 διαϐόλου.
275 831 355 858 Ἀλλὰ
384 831 493 866 λέγετε·
523 833 620 859 Ἐλυσε
653 833 690 869 μὴ
720 834 888 871 ἁμαρτήσας.

115 875 184 902 Ἀλλ’
199 877 249 903 οὐκ
265 877 342 918 ’ἔστιν
357 859 427 913 αὕτη
444 878 520 910 λύσις
543 879 592 914 τῆς
904 859 928 892 Β

107 921 163 956 γὰρ
190 921 219 947 ἐν
237 922 333 957 ἐκείνῳ
358 922 474 957 ἀρχῆθεν
496 924 641 959 εἰργάσατο
666 926 679 951 ὁ
697 925 816 958 διάϐολος
841 927 890 962 τὴν

106 967 254 1002 ἁμαρτίαν,
270 967 322 999 ἵνα,
344 968 466 1007 ἐλθόντος
488 969 569 995 αὐτοῦ
584 971 624 1001 είς
642 969 686 996 τὸν
710 971 820 1006 κόσμον,
844 972 890 998 καὶ

109 1014 146 1048 μὴ
163 1014 381 1049 ἁμαρτήσαντος,
395 1015 462 1050 λυθῇ
477 1016 492 1050 ὴ
509 1016 641 1051 ἁμαρτία·
656 1016 713 1043 ἀλλ’
728 1018 756 1044 ὲν
771 1019 803 1053 τῇ
819 1017 890 1052 λογι-

106 1061 142 1094 κῇ
158 1059 204 1085 καὶ
217 1060 297 1095 νοερᾷ
311 1060 389 1094 φύσει
403 1060 447 1086 τοῦ
462 1061 604 1097 ἀνθρώπου
625 1062 784 1098 ἐπισπείρας
795 1063 888 1098 είργά-

107 1114 173 1131 σατο
184 1105 238 1142 (43)
252 1106 374 1138 διάϐολος
398 1107 447 1142 τὴν
466 1108 610 1143 ἁμαρτίαν.
637 1108 686 1135 Διά
700 1111 778 1136 τοῦτο
793 1109 889 1137 ἀδύνα-

105 1160 151 1178 τον
162 1151 255 1186 γέγονε
269 1153 301 1187 τῇ
316 1152 404 1187 φύσει,
417 1153 511 1189 λογικῇ
526 1153 592 1190 οὔσῃ
604 1155 650 1181 καὶ
663 1155 791 1188 ἑκουσίως
802 1157 888 1192 ἁμαρ-

106 1198 222 1233 τησάσῃ,
237 1198 283 1225 καὶ
301 1199 352 1225 ὑπὸ
368 1199 515 1234 καταδίκην
536 1199 648 1226 θανάτου
664 1201 807 1237 γενομένῃ,
823 1202 888 1228 ἐαυκ

943 650 1060 678 alienum
1084 659 1176 679 semen
1200 652 1352 688 induxerit;
1380 654 1417 682 ita
1437 660 1467 683 ut
1488 655 1613 685 diabolus
1633 657 1718 693 legem

942 695 1044 730 peccati
1056 695 1082 722 in
1095 700 1192 723 natura
1206 697 1325 725 hominis
1335 699 1515 734 constituerit,
1527 707 1634 737 unaque
1644 710 1719 731 moe-

943 745 994 768 tem
1008 748 1068 776 quae
1079 749 1127 776 per
1141 749 1209 777 opus
1227 744 1330 778 peccati
1346 744 1373 772 in
1388 744 1432 772 illa
1455 745 1625 775 dominatum
1641 755 1719 776 exer—

942 792 1009 816 ceat.
1024 788 1156 822 Quocirca
1165 791 1239 818 venit
1250 791 1334 819 Filius
1347 791 1410 825 Dei,
1428 797 1457 820 ut
1470 794 1557 822 solvat
1571 803 1649 831 opera
1663 796 1720 825 dia.

941 833 1005 862 boli.
1022 834 1075 863 Sed
1088 836 1210 870 instatis,
1229 837 1288 865 1am
1302 838 1392 871 solvit,
1409 847 1472 868 eum
1491 848 1545 869 non
1556 843 1721 877 peccaverit.

942 879 976 907 At
987 888 1157 916 nequaquam
1175 886 1216 910 est
1237 883 1302 910 illud
1318 889 1458 919 peccatum
1483 887 1598 916 solvere.
1626 887 1718 925 Neque

940 926 1011 953 enim
1024 927 1058 954 ab
1071 927 1148 955 initio
1161 933 1300 963 peccatum
1316 930 1343 957 in
1358 931 1404 958 illo
1417 937 1543 967 operatus
1562 938 1603 962 est
1621 934 1717 964 diabo-

939 971 999 999 lus:
1023 977 1051 1000 ut
1069 974 1195 1002 veniente
1213 974 1303 1003 Verbo
1317 976 1346 1004 in
1368 978 1516 1013 mundum,
1540 984 1568 1008 et
1580 988 1635 1009 non
1652 990 1716 1017 pec-

938 1024 1033 1050 cante,
1049 1019 1199 1048 solveretur
1215 1027 1371 1058 peccatum;
1386 1024 1432 1052 sed
1446 1025 1473 1052 in
1492 1026 1617 1055 rationali
1629 1032 1657 1056 et
1674 1029 1717 1057 in-

937 1064 1082 1092 tellectuali
1096 1071 1192 1094 natura
1212 1068 1329 1102 hominis
1342 1078 1390 1104 per
1401 1070 1541 1099 inductum
1554 1080 1645 1102 semen
1658 1075 1716 1103 dia-

937 1109 1017 1138 bolus
1031 1117 1171 1146 peccatum
1196 1120 1238 1141 est
1258 1119 1395 1149 operatus.
1412 1116 1581 1153 Quapropter
1594 1118 1717 1155 impossi-

937 1155 990 1183 bile
1000 1156 1051 1184 fuit
1060 1162 1164 1186 naturae
1173 1159 1310 1194 rationali,
1318 1169 1379 1196 qua:
1389 1169 1437 1190 sua
1446 1167 1714 1199 spontepeccaverat,

937 1208 970 1228 ac
988 1202 1082 1230 mortis
1094 1202 1262 1232 damnationi
1277 1206 1399 1241 subjecta
1413 1211 1489 1241 erat,
1506 1215 1565 1235 sese
1588 1208 1616 1236 iu
1631 1209 1714 1237 liber-

105 1242 153 1277 τὴν
169 1242 383 1270 ἀνακαλέσασθαι
402 1244 441 1275 είς
456 1244 621 1280 ἐλευθερίαν,
639 1244 675 1276 ὥς
685 1254 766 1280 φησιν
779 1247 794 1273 ό
810 1246 882 1273 ’Λπό-

937 1250 1018 1291 tatem
1035 1255 1170 1282 revocare,
1191 1254 1221 1277 ut
1237 1250 1318 1287 ’154
1330 1252 1368 1279 ait
1384 1252 1539 1288 Apostolus,
1560 1254 1629 1282 Nam
1644 1257 1713 1291 quod

107 1288 199 1320 στολος
208 1296 215 1304 ⁸
233 1288 268 1315 Τὸ
286 1288 340 1323 γὰρ
349 1289 496 1316 ἀδύνατον
513 1289 566 1317 τοῦ
576 1291 679 1325 νόμου,
692 1291 726 1318 ἐν
735 1288 759 1324 ᾧ
768 1292 882 1326 ἠσθένει

936 1290 1094 1326 impossibile
1101 1298 1159 1320 erat
1166 1293 1225 1330 legi,
1232 1295 1259 1322 in
1270 1303 1319 1330 quo
1329 1297 1512 1331 inﬁrmabatur
1515 1307 1561 1334 per
1568 1288 1672 1328 carnem
1678 1301 1711 1328 θ’.

107 1335 155 1361 διὰ
173 1334 227 1369 τῆς
248 1337 370 1369 σαρκός.
386 1335 435 1362 Διά
455 1336 533 1363 τοῦτο
551 1337 584 1363 δι’
602 1337 698 1364 ἐαυτοῦ
713 1335 793 1373 ἦλθεν
806 1339 882 1374 (“)6

935 1335 1106 1372 Quapropter
1123 1340 1196 1366 venit
1208 1340 1265 1375 ipse
1282 1341 1328 1369 Dei
1343 1341 1442 1377 Filius,
1456 1348 1485 1371 ut
1497 1352 1557 1372 eam
1568 1345 1596 1373 in
1615 1350 1727 1374 natura~

107 1381 169 1413 Υἱὸς
184 1381 231 1408 τοῦ
247 1381 313 1408 Θεοῦ
329 1381 429 1416 ταύτην
446 1383 475 1408 ὲν
492 1384 525 1418 τῇ
550 1383 602 1419 ἰδίᾳ
618 1384 696 1419 φύσει
716 1386 882 1420 καταστήσα-

936 1389 1000 1417 sua,
1019 1391 1066 1419 per
1079 1392 1175 1412 novam
1190 1386 1321 1421 originem
1344 1392 1371 1416 et
1396 1389 1546 1418 mirabilem
1561 1393 1714 1427 generatio-

106 1428 168 1454 σθαι
194 1429 225 1454 ὲκ
246 1428 307 1460 νέας
328 1428 415 1464 ἀρχῆς
432 1429 479 1455 καὶ
501 1429 631 1463 γενέσεως
653 1430 825 1466 θαυμαστῆςο
853 1431 882 1458 οὐ

935 1435 997 1455 nem
1016 1432 1188 1457 restauraret.
1202 1429 1260 1458 Non
1277 1439 1332 1466 quo
1341 1439 1412 1465 eam,
1431 1441 1491 1468 quae
1507 1434 1540 1462 ab
1551 1434 1629 1463 initio
1641 1435 1711 1464 facta

102 1474 153 1510 τὴν
169 1474 286 1509 ἀρχῆθεν
311 1474 438 1501 σύστασιν
463 1476 656 1511 καταμερίσας,
672 1477 740 1504 ἀλλὰ
757 1477 805 1513 τὴν
824 1477 882 1504 ἐπι-

935 1478 1007 1506 erat,
1022 1475 1242 1505 constitutionem
1254 1477 1403 1512 divideret;
1419 1480 1465 1508 sed
1481 1488 1536 1515 quo
1553 1484 1710 1517 “partemi-

103 1520 272 1554 σπαρεῖσαν
285 1521 411 1557 ἀθέτησιν
420 1522 564 1557 ἀθετήσας,
581 1523 618 1555 ὡς
642 1526 774 1560 μαρτυρεῖ
791 1525 804 1551 ὁ
820 1533 882 1560 προ-

935 1525 1026 1547 natam
1036 1521 1059 1537 ”
1075 1521 1275 1558 abrogationem
1289 1523 1451 1560 abrogaret;
1472 1530 1502 1553 ut
1515 1530 1628 1555 testatur
1645 1536 1711 1563 pro-

104 1566 202 1601 φήτης,
218 1566 318 1600 λέγων·
336 1567 406 1601 Πρὶν
426 1568 445 1601 ἢ
465 1568 580 1602 γνῶναι.
588 1568 620 1595 τὸ
643 1569 761 1596 παιδίον
776 1569 882 1604 ἀγαθὸν

935 1566 1024 1601 pheta,
1037 1567 1150 1595 dicens:
1162 1567 1320 1604 Priusquam
1332 1576 1470 1605 cognoscat
1481 1572 1605 1606 parvulus
1616 1572 1713 1601 bonum

105 1611 124 1644 ἢ
143 1612 236 1638 κακὸν
254 1612 321 1648 (45),
341 1613 457 1641 ἀπειθεῖ
478 1615 606 1649 πονηρίᾳ
627 1615 680 1642 τοῦ
706 1615 882 1649 ἐκλέξασθαι

934 1612 973 1639 vel
983 1612 1091 1646 malum,
1105 1615 1225 1649 reprobat
1236 1615 1367 1642 malitiam
1377 1616 1411 1643 ad
1418 1616 1564 1653 eligendum
1576 1618 1709 1646 bonum".

105 1657 138 1683 τὸ
167 1657 287 1692 ἀγαθόν.
303 1659 335 1685 Εἰ
361 1659 390 1685 δὲ
415 1659 451 1694 μὴ
480 1660 509 1685 ἐν
535 1662 568 1695 τῇ
583 1661 764 1698 ἀμαρτησάσῃ
777 1662 882 1699 φύσειή

104 1703 295 1738 ἀναμαρτησία
307 1703 395 1740 ὤφθη,
411 1705 470 1737 πῶς
482 1706 628 1742 κατεκρίθη
649 1708 664 1742 ὴ
677 1708 795 1743 ἁμαρτία
810 1709 838 1735 ἐν
851 1710 883 1744 τῇ

105 1749 197 1784 σαρκὶ,
214 1749 282 1784 μήτε
292 1749 341 1784 τῆς
357 1750 456 1786 σαρκὸς
468 1750 498 1777 τὺ
512 1752 661 1787 πρακτικὸν
674 1752 797 1788 ἐχούσης.
816 1754 884 1789 μήτε

103 1795 152 1828 τῆς
166 1794 291 1830 θεότητος
314 1795 449 1831 ἁμαρτίαν
465 1796 520 1831 (46)
544 1797 744 1833 γινωσκούσης;
771 1798 833 1831 Πῶς
854 1800 889 1827 δὲ

103 1841 118 1866 ὸ
137 1840 294 1872 ’Δπόστολος
309 1840 381 1876 λέγει
393 1850 400 1856 '
413 1841 507 1869 Ὅπου
518 1842 703 1870 ἐπλεόνασεν
716 1844 735 1878 ἡ
748 1844 882 1880 ἁμαρτία,

103 1886 397 1920 ὑπερεπερίσσευσεν
412 1887 431 1921 ἠ
450 1886 554 1921 χάρις;
569 1888 599 1913 οὐ
615 1887 696 1914 τόπον
716 1888 881 1925 διαγράφων,

104 1930 172 1957 ἀλλά
186 1931 266 1965 φύσιν
288 1932 494 1967 ὑποτιθέμενοςο
517 1933 589 1965 Ἵνα,
611 1933 720 1968 ὥσπερ,
745 1935 820 1970 φησι,
840 1935 883 1963 δι’

103 1976 172 2010 ἐνὸς
186 1977 340 2011 ἀνθρώπου
367 1977 386 2011 ἠ
407 1978 532 2012 ἁμαρτία
554 1978 696 2013 είσῆλθεν
709 1981 752 2013 είς
764 1980 817 2007 τὸν
833 1982 883 2008 κό-

103 2029 191 2056 σμον,
205 2023 252 2050 καὶ
267 2022 316 2050 διὰ
330 2023 385 2058 τῆς
397 2023 539 2058 ἁμαρτίας
552 2026 568 2051 ό
588 2024 723 2058 θάνατος,
742 2026 818 2052 οὕτω
832 2026 882 2053 καὶ

102 2068 138 2094 δι’
150 2068 218 2101 ἐνὸς
237 2068 392 2103 ἀνθρώπου
409 2069 504 2103 Ἰησοῦ
518 2071 645 2104 Χριστοῦ
664 2071 683 2105 ἠ
702 2071 786 2106 χάρις
793 2073 883 2105 βασι-

102 2115 199 2148 λεύσῃ
213 2114 261 2141 διὰ
273 2106 475 2149 ’δικαιοσύνης
491 2116 534 2148 είς
552 2114 628 2150 ζωὴν
644 2117 778 2143 αἰώνιονο
796 2118 839 2145 ἵνα
848 2117 880 2144 δι’

101 2157 135 2194 ἧς
156 2160 261 2194 φύσεως
277 2161 293 2196 ἡ
313 2162 486 2196 προχώρησις
505 2161 554 2196 τῆς
570 2162 704 2197 ἁμαρτίας
721 2163 825 2198 γέγονε,
845 2163 879 2190 δι’

100 2206 185 2241 αὐτῆς
205 2207 259 2241 (47)
274 2207 320 2234 Kal.
333 2208 348 2242 ἡ
364 2207 489 2239 ἐπίδειξις
506 2208 554 2243 τῆς
568 2209 737 2244 δικαιοσύνης
749 2210 874 2245 γένηται·

101 2252 146 2277 καὶ
160 2251 229 2278 οὕτω
243 2251 308 2287 λυθῇ
337 2252 373 2278 τὰ
392 2252 459 2287 ἔργα
473 2252 523 2278 τοῦ.
539 2253 670 2286 διαϐόλου,
688 2254 876 2290 ἐλευθερωθεί-

934 1657 1011 1691 Quod
1029 1659 1051 1686 si
1063 1659 1089 1686 in
1105 1663 1201 1687 natura
1220 1668 1280 1696 qua:
1295 1666 1471 1696 peccaverat,
1498 1663 1711 1699 impeceabilitas

933 1711 988 1732 non
1002 1706 1182 1740 apparuisset,
1199 1713 1248 1735 cur
1261 1711 1401 1742 peccatum
1414 1708 1442 1735 in
1457 1716 1538 1737 carne
1552 1710 1708 1738 damnatum

933 1755 1016 1784 esset,
1024 1758 1092 1779 .cum
1103 1760 1192 1787 neque
1204 1760 1268 1781 caro
1279 1754 1381 1789 peccati
1397 1758 1486 1783 actum
1498 1755 1605 1789 habeat,
1623 1764 1710 1792 neque

933 1797 960 1824 in
976 1797 1141 1825 divinitatem
1153 1804 1293 1834 peccatum
1305 1801 1502 1835 cadat?=Qaare
1515 1801 1662 1837 Apostolus
1671 1803 1711 1831 di-

933 1842 969 1869 cit
985 1850 993 1868 :
1013 1841 1062 1869 Ubi
1075 1843 1217 1871 abundauit
1232 1849 1382 1879 peccatum,
1398 1845 1435 1873 ibi
1450 1846 1669 1881 superabundavit
1684 1852 1710 1875 et

932 1888 1070 1923 gratia"?
1084 1896 1138 1916 non
1151 1889 1239 1917 locum
1256 1890 1390 1922 indicans.
1403 1891 1449 1918 sed
1465 1896 1589 1920 naturam
1603 1893 1706 1928 signiﬁ-

932 1944 1008 1964 cans.
1024 1936 1058 1964 Ut
1071 1936 1151 1969 u'cut,
1167 1936 1265 1971 inquit,
1280 1945 1326 1971 per
1337 1945 1418 1964 unum
1431 1937 1560 1965 hominem
1574 1943 1708 1973 peccatum

932 1981 959 2008 in
978 1981 1045 2008 hunc
1059 1981 1186 2008 mundum
1200 1982 1307 2009 intravit
1319 2001 1327 2014 ,
1352 1986 1377 2009 et
1397 1990 1444 2016 per
1463 1987 1597 2017 peccatum
1619 1992 1707 2016 more:

931 2027 970 2054 ita
984 2035 1030 2061 per
1047 2035 1128 2054 unum
1139 2027 1268 2054 hominem
1281 2027 1372 2054 letum
1387 2027 1533 2061 Christum,
1551 2030 1638 2065 gratia
1668 2038 1709 2057 re-

931 2075 989 2107 gnet
1005 2079 1050 2105 per
1059 2071 1193 2106 justitiam
1207 2072 1234 2098 in
1247 2071 1326 2098 vitam
1338 2076 1463 2099 internum
1472 2074 1506 2101 ".
1518 2072 1554 2101 Ut
1561 2081 1609 2108 per
1626 2082 1706 2110 quam

931 2121 1055 2144 naturam
1069 2122 1208 2152 peccatum
1228 2117 1360 2152 processit
1372 2138 1379 2151 ,
1399 2126 1447 2153 per
1461 2119 1582 2147 eamdem
1594 2120 1706 2156 iustitia:

931 2162 1066 2198 specimen
1081 2163 1190 2190 daretur
1203 2172 1209 2190 :
1222 2167 1249 2190 et
1262 2163 1301 2191 sic
1318 2163 1437 2192 humana
1456 2169 1553 2193 natura
1566 2173 1581 2194 a
1595 2171 1708 2201 peccato

892 2200 915 2228 Ῑ)
929 2209 1059 2240 liberata,
1078 2208 1176 2236 diaboli
1193 2216 1274 2244 opera
1288 2209 1471 2242 solverentur,
1496 2200 1605 2247 Deoque
1622 2212 1707 2248 gloria

929 2255 1047 2283 daretur.

101 2306 149 2332 σης
168 2298 216 2333 τῆς
234 2297 383 2333 ἀνθρώπων
400 2299 506 2333 φύσεως
525 2300 578 2326 ἀπὸ
600 2301 648 2336 τῆς
665 2302 810 2337 ἁμαρτίας,
829 2303 876 2330 καὶ
891 2303 1004 2338 δοξασθῇ
1021 2303 1035 2329 ὁ
1047 2301 1122 2335 Θεός.

118 2339 155 2383 ξ¹¹
167 2346 246 2383 iPsal.
262 2355 345 2381 uvn,
360 2348 386 2374 7.
446 2349 468 2364 "
489 2348 567 2376 “om.
578 2357 637 2383 vni,
650 2350 676 2377 5.

101 2382 144 2414 12,
162 2382 207 2409 21.

135 2428 195 2466 (4i)
212 2429 276 2466 Τοῖς
283 2429 488 2466 ἁμαρτητικοῖς
496 2431 659 2466 λογισμοῖς.
674 2432 711 2459 Ita
737 2432 877 2466 Anglican.

100 2464 160 2497 Seg.
177 2464 255 2491 Gobl.
276 2469 302 2490 et
323 2464 439 2492 Fclrkm.
459 2466 484 2492 l.
510 2464 543 2492 liii
564 2464 655 2497 editis,
669 2468 726 2498 τοῖς
749 2464 877 2499 τοίούτοις

97 2499 245 2533 λογισμοῖς.
262 2498 343 2531 inira,
364 2499 424 2534 Seg.
440 2500 517 2527 Gobl.
531 2505 556 2528 et
569 2500 688 2528 Felckm.
707 2502 733 2533 1,
752 2498 875 2529 ἐπισπεὶξ

99 2542 203 2572 ραντρς.
218 2533 294 2572 ΔΙῐόί-ιί
308 2539 412 2572 vero_ct
424 2535 480 2572 alii.
493 2536 706 2572 επισπείροντος.

135 2569 191 2602 (4‘2)
211 2568 350 2601 Anglican.
365 2569 441 2596 Gobl.
455 2570 572 2596 Felckm.
585 2568 612 2602 ι;
624 2570 711 2598 Nann.
726 2571 798 2603 δεμ,
810 2572 876 2598 Οὐδὲ

97 2604 195 2644 γὰριέν
211 2604 307 2644 ἐκείνῳ
322 2603 465 2644 πλασθὲνει
481 2605 676 2644 (ApplicanusL
691 2606 817 2644 πλασθέν)
833 2607 877 2633 διὰ

97 2638 142 2665 τοῦ
154 2638 240 2675 ᾼόγου
253 2639 415 2674 εἰργάσατο.Γ
424 2660 430 2666 .
446 2640 488 2666 ἵνα
501 2640 620 2672 ἐλθόντος
631 2641 676 2667 τοῦ
691 2638 875 2675 (Anglicanus,

96 2673 177 2700 αὑτοῦ
190 2673 236 2700 τοῦ
252 2678 259 2706 )
274 2674 379 2707 Λόγου,
396 2679 447 2700 etc.
473 2674 524 2701 Sed
547 2683 597 2702 nos
625 2673 756 2702 edito-rum
773 2684 876 2703 necnon

94 2709 274 2746 quorumdam
291 2709 537 2744 manuscriptorum
563 2710 705 2738 lectionem
725 2711 801 2746 sequi
816 2719 875 2738 ma-

95 2743 194 2770 lumus.
303 2747 305 2750 ‘
431 2743 437 2744 ί
721 2772 729 2776 ς

133 2778 197 2817 (43)-
209 2777 275 2817 Seg.
289 2778 366 2817 Gob‘l.
384 2778 547 2817 c_t_Fclckm_.
563 2780 590 2812 1,
604 2780 766 2815 ὲπισπείρας
780 2781 875 2817 εἰργά-

98 2822 171 2849 auro.
189 2813 218 2849 in
235 2814 324 2849 editis,
339 2814 455 2849 ἀρχῆθεν
469 2814 623 2849 είργάσατο.
638 2813 718 2843 male.

132 2848 186 2882 (Η)
208 2848 251 2876 Sic
265 2848 325 2884 Seg.
341 2849 417 2876 σθω.
427 2853 453 2877 ct
467 2848 582 2877 Fclckm.
593 2850 617 2877 1.
631 2850 699 2879 Editi
715 2855 814 2885 autem,
825 2851 868 2878 διὰ

714 2350 737 2366 ⁸³
756 2350 850 2379 Matth.
865 2359 924 2383 xnl,
938 2351 983 2377 ‘25.
1020 2351 1044 2367 "
1062 2350 1114 2378 lsa.
1128 2358 1176 2384 vn,
1192 2350 1236 2378 16.

1285 2351 1308 2367 ³⁸
1327 2351 1406 2380 Rom.
1423 2360 1451 2386 ν,
1465 2353 1510 2380 20.
1556 2354 1580 2370 "
1598 2354 1664 2382 ibid.
1679 2363 1706 2387 ν,

929 2431 1106 2474 ξαρκός.-Διά
1120 2431 1199 2473 τοῦτο
1207 2430 1297 2468 ἦλθεν.
1307 2432 1380 2460 Infra
1394 2432 1502 2461 Gobler.
1517 2433 1635 2462 Felckm.
1652 2436 1664 2462 l
1680 2440 1708 2462 ct

928 2467 954 2499 5.
972 2468 1069 2502 νεαρᾶς
1082 2467 1177 2502 ἀρχῆς·
1220 2467 1223 2468 ⁷
1524 2503 1552 2510 ..

962 2502 1017 2536 (45)
1038 2502 1074 2529 lta
1090 2502 1151 2537 Seg.
1167 2501 1243 2530 Gobi.
1259 2507 1287 2530 et
1301 2503 1421 2532 Felckm.
1437 2505 1463 2532 L
1482 2502 1553 2531 Editt
1568 2512 1644 2537 vero,
1657 2514 1706 2532 κα-

925 2536 978 2568 λὸν.
1030 2536 1137 2564 κακόνξ

925 2605 941 2610 _
960 2538 1015 2610 (iii)
1036 2572 1081 2599 Sic
1100 2571 1294 2610 _chuer_ianus_.
1314 2572 1393 2610 rEditi
1416 2578 1454 2610 et
1465 2574 1510 2610 alii
1525 2594 1532 2606 ,
1556 2574 1703 2610 ἐμαρτίας.

924 2605 1010 2645 Paulo
1023 2611 1082 2640 post
1099 2605 1255 2645 Segnerian.
1271 2608 1381 2645 Gobler.
1395 2608 1552 2645 et'Felckm.
1568 2605 1594 2639 1⁷.
1618 2605 1706 2645 ὓπερ-

924 2642 1125 2679 εἰπερίσσευσενἐ
1136 2642 1204 2679 Editi
1215 2650 1279 2679 vero
1286 2647 1313 2679 et
1325 2643 1380 2675 alii,
1393 2644 1630 2679 Onegeplocrucrsv.
1642 2642 1705 2672 Mox

925 2676 1082 2711 Seg'ncrian.
1107 2676 1216 2704 Gobler.
1239 2678 1379 2713 Anglican.
1393 2683 1421 2705 et.
1437 2676 1556 2706 Feickm.
1574 2678 1600 2711 1,
1615 2680 1646 2706 οὐ
1659 2679 1704 2706 τό-

924 2719 973 2738 πον
987 2713 1160 2747 ὑπογράφων.

961 2747 1014 2790 (ιῃ
1027 2747 1400 2790 Anglic..chtier.n(;obl.fet
1412 2747 1568 2790 Felekmd,
1582 2748 1626 2776 διὰ
1635 2749 1704 2790 ταύ·

923 2790 981 2816 της.
996 2781 1062 2808 lbid.
1080 2782 1124 2808 καί
1136 2781 1210 2809 deest
1222 2783 1248 2809 in
1261 2783 1344 2810 Basil.
1359 2782 1444 2809 Paulo
1460 2789 1520 2818 post
1531 2783 1701 2819 Seguerian.,

923 2817 1148 2848 ἐλευθερουμένης
1161 2817 1209 2848 τῆς
1223 2817 1376 2848 ἀνθρώπου.
1388 2817 1496 2846 Gobler.
1511 2823 1537 2846 et
1549 2818 1664 2847 Felckm.
1676 2819 1701 2848 l.

923 2825 1148 2852 ειςευυερουμενης
1161 2825 1209 2852 της
1223 2825 1376 2853 ανυρωπου.
1388 2825 1496 2846 uenter.
1511 2825 1537 2846 et
1549 2825 1664 2847 relckm.
1676 2825 1701 2851 ι,

922 2852 1146 2888 ἐλευθερωθείσης
1161 2853 1210 2888 τῆς
1224 2852 1402 2889 ἀνθρωπίνης.
