1939 3041
111 145 181 172 1119

547 147 683 175 CONTRA
705 148 958 176 APOLLINARth!
978 149 1077 176 LIBER
1098 147 1287 178 SECUNDUS.

1657 150 1726 178 1150

111 201 181 237 πρὸς
199 202 230 228 τὸ
252 202 338 238 παρὸν
351 204 545 240 ἐπιχειρήσεως
575 205 749 241 προχώρησιν
764 226 771 237 ,
795 207 894 241 ἡττᾶτο

948 212 1079 241 gressum,
1096 210 1238 241 superatus
1250 213 1311 233 cum
1326 206 1429 240 pudore
1448 206 1538 238 cessit,
1555 205 1726 233 debilitatus-

111 249 307 284 αἰσχυνόμενος
317 250 364 276 κα).
376 249 539 286 νικώμενος’
558 252 604 278 καὶ
616 251 718 278 ἁτονῶν
734 252 809 286 ἔλεγε
823 261 829 267 ⁸
842 252 894 285 Τίς

110 293 201 328 οὗτος
217 297 234 322 ὁ
247 297 485 330 παραγενόμενος
503 297 536 329 ἐξ
564 297 664 332 Ὲδὼμ,
686 299 832 330 τουτέστιν,
862 299 894 325 ἐκ

112 341 165 375 γῆς
181 341 330 376 ἀνθρώπων
355 342 427 377 (79),
455 343 598 370 διαὸαίνων
622 343 758 379 βίᾳ¹μετὰ
785 345 892 379 ῑσχύος;

109 386 158 413 Διὸ
177 387 222 413 καὶ
246 388 260 413 ό
285 387 385 422 Κύριος
407 387 501 422 ἔλεγεν
513 397 519 404 ·
541 389 680 423 Ἔρχεται
697 391 712 416 ὁ
727 389 826 424 ἅρχων
842 390 894 417 τοῦ

111 431 227 466 κόσμου
241 433 358 464 τούτου,
373 434 421 460 καὶ
440 433 474 460 ἐν
486 433 550 469 ἐμοὶ
563 435 694 468 εὑρίσκει
709 434 807 461 οὐδέν.
826 435 895 461 Και-

110 485 151 502 τοι
169 477 215 503 καὶ
226 477 323 513 ψυχὴν,
333 479 380 504 καὶ
396 478 484 514 σῶμα,
494 479 541 505 καὶ
551 479 610 506 ὅλον
624 479 669 505 τὸν
682 480 787 515 πρῶτον
806 489 894 515 μεμα-

112 522 235 557 θήκαμεν
250 523 320 558 ἔχειν
335 524 380 550 τὸν
392 523 517 560 δεύτερον
531 525 615 561 Ἀδάμ
631 525 697 560 (80).
713 526 744 552 Ei
760 525 814 561 γὰρ
831 526 895 561 περὶ

112 569 255 604 ὑπάρξεως
271 569 414 604 ἀνθρώπου
430 568 463 605 ἦν
487 571 526 603 τὸ,
553 571 652 604 οὐδὲν,
679 571 738 603 πῶς
763 572 793 598 τὸ
817 571 895 606 σῶμα

111 611 174 649 εὗρε
188 613 218 639 τὸ
233 613 370 649 ὁρώμενον
383 615 523 650 εἰρηκότος
541 615 649 647 0066‘1';
673 615 742 641 Ἀλλ’
757 616 805 650 οὐχ
817 612 894 651 εὗρεν

111 660 141 684 ὲν
157 658 240 694 αὐτῷ,
260 655 297 686 ὦν
316 659 396 691 αὐτὸς
411 660 557 695 εἰργάσατο
572 661 601 687 ἐν
617 660 655 695 τῷ
671 659 772 695 πρώτῳ
789 660 874 695 Ἀδάμ
887 670 893 676 ·

111 704 159 730 καὶ
172 703 258 736 οὕτως
268 704 401 741 κατελύθη
413 707 430 741 ἡ
440 705 562 741 ἁμαρτία
575 707 603 732 ὲν
616 705 725 741 Χριστῷ
737 714 743 719 ·
761 705 805 731 διὰ
816 705 895 732 τοῦτο

111 750 158 776 καὶ
175 751 191 784 ή
208 750 303 786 Γραφὴ
321 753 472 787 μαρτυρεῖ·
493 753 542 784 Ὃς
566 752 712 786 ἁμαρτίαν
727 752 782 778 οὐκ
798 752 895 785 ἐποίη-

111 803 178 828 σεν,
199 795 268 822 οὐδὲ
289 796 393 830 εὑρέθη
408 796 498 829 δόλος
514 796 571 832 (Si)
590 797 624 824 ὲν
640 795 679 829 τῷ
695 797 820 831 στόματι
841 798 894 824 αὐ-

110 849 176 867 του.

945 259 998 287 que
1018 252 1056 279 ait
1072 261 1078 279 :
1097 252 1162 284 Quis
1178 256 1217 278 est
1238 252 1287 279 iste
1305 252 1350 287 qui
1372 252 1439 278 venit
1453 251 1483 278 de
1502 251 1595 284 Edam,
1610 252 1660 278 hoc
1673 257 1725 285 est,

944 305 978 324 ex
1002 302 1073 324 terra
1092 296 1246 329 hominum,
1270 296 1391 323 incedens
1406 296 1531 323 violenter
1545 304 1604 322 cum
1616 296 1725 330 fortitu-

944 343 1005 370 dine
1025 344 1057 370 ’?
1079 343 1183 370 idcirco
1213 343 1302 370 aiebat
1321 342 1454 370 Dominus
1476 351 1481 368 :
1511 341 1584 369 Venit
1607 343 1726 377 princeps

944 383 1035 416 mundi
1051 389 1140 423 hujus,
1153 393 1177 416 el
1193 389 1222 415 in
1235 397 1276 416 me
1292 388 1358 415 nillil
1372 389 1469 416 invenit
1482 389 1515 415 ¹⁰.
1529 388 1689 423 Quanquam
1699 391 1727 415 et

945 434 1062 461 animam
1075 439 1102 461 et
1119 442 1229 469 corpus,
1245 438 1384 468 totumque
1395 434 1511 468 primum
1528 433 1672 466 Adamum,
1688 433 1728 460 di-

944 480 1060 507 dicimus
1073 481 1220 507 secundum
1235 479 1370 506 Adamum
1383 479 1521 507 habuisse.
1530 479 1601 506 Nam
1615 479 1637 507 si
1650 479 1725 511 illud,

945 525 1021 558 nihil,
1040 525 1073 553 de
1097 525 1248 553 substantia
1273 525 1391 553 hominis
1417 526 1568 559 diceretur,
1590 525 1727 560 quomodo

945 571 1049 598 visibile
1063 579 1162 606 corpus
1180 571 1281 598 invenit
1301 571 1362 606 ejus
1375 571 1422 606 qui
1444 572 1558 604 dixerat,
1574 571 1660 598 nihil?
1674 570 1727 598 Sed

944 616 1012 643 nihil
1037 617 1141 644 invenit
1162 617 1189 643 in
1208 616 1254 644 illo
1274 616 1408 648 diabolus,
1424 624 1456 644 ex
1472 617 1505 644 iis
1522 624 1582 651 quae
1595 616 1622 643 in
1639 616 1728 651 primo

945 661 1055 688 homine
1069 665 1197 696 operatus
1213 661 1271 696 ipse
1287 660 1396 688 fuerat:
1411 665 1491 695 atque
1510 661 1546 688 ita
1560 661 1727 688 destructum

944 711 985 734 est
1003 707 1030 734 in
1049 706 1158 734 Christo
1170 711 1307 742 peccatum
1320 714 1328 738 ;
1345 706 1521 741 quamobrem
1537 705 1675 741 Scriptura
1689 710 1729 733 te-

945 757 1054 780 statur:
1080 752 1133 785 Qui
1155 759 1290 787 peccatum
1311 761 1362 780 non
1377 753 1455 787 fecit,
1481 761 1526 780 nec
1548 757 1586 780 est
1608 753 1728 787 inventu:

945 798 1021 826 dolus
1036 799 1064 826 in
1080 807 1123 826 ore
1137 799 1194 833 ejus
1208 799 1239 826 “.

148 884 191 912 11.
207 885 268 916 Πῶς
282 883 327 912 οὖν
340 885 443 920 λέγετε,
461 887 502 913 ὅτι
526 886 655 914 ἀδύνατόν
669 887 742 914 ἐστιν
762 887 895 922 ἀναιχμα-

980 887 1023 913 11.
1037 887 1092 914 Cur
1106 886 1197 922 itaque
1209 886 1300 914 dicitis
1316 895 1323 913 :
1341 886 1512 922 lmpossibile
1533 890 1575 914 est
1589 885 1728 913 hominem

111 930 239 958 λώτιστον
254 932 378 966 γενέσθαι
389 933 434 970 τὸν
448 932 521 966 ἅπαξ
532 933 782 968 αἱχμαλωσισθέντα
793 934 895 968 ἄνθρω-

112 984 181 1007 πον;
201 977 244 1003 ἵνα
261 977 292 1003 τὸ
313 977 361 1012 μὲν
375 977 504 1004 ἀδύνατον
521 977 559 1013 τῷ
579 978 637 1013 Θεῷ
653 978 809 1014 προσάγητε
827 978 893 1013 (82),

111 1022 144 1049 τὸ
160 1023 189 1049 δὲ
202 1023 312 1050 δυνατὸν
327 1024 366 1059 τῷ
381 1024 506 1060 διαϐόλῳ,
521 1025 687 1052 ἀκατάλυτον
699 1024 781 1051 αὑτοῦ
804 1024 896 1058 λέγον-

109 1076 158 1099 τες
169 1069 219 1104 τὴν
234 1068 369 1104 ἁμαρτίαν
391 1070 420 1096 ὲν
444 1070 476 1104 τῇ
495 1069 573 1104 φύσει
595 1069 649 1095 τῶν
673 1068 835 1104 ἀνθρώπων,
857 1069 895 1100 ὡς

112 1114 160 1141 καὶ
175 1114 199 1140 οε
212 1114 284 1141 ἄλλοι
302 1115 448 1150 αἱρετικοί·
465 1115 512 1142 καὶ
530 1115 573 1142 διὰ
584 1115 663 1141 τοῦτο
674 1115 829 1150 ἐληλυθέναι
846 1114 895 1150 τὴν

111 1160 238 1195 θεότητα,
255 1161 304 1196 τὴν
321 1161 357 1197 μὴ
367 1161 647 1196 αῑχμαλωτιζομένην,
663 1162 691 1188 ὲν
702 1161 828 1196 ὁμοιώσει
838 1160 894 1195 (85)

112 1206 214 1241 σαρκὸς
229 1207 275 1233 καὶ
287 1206 386 1242 ψυχῆς,
393 1207 436 1233 ἵνα
447 1207 516 1242 αὑτὴ
530 1206 778 1242 ἀναιχμαλὼτιστος
794 1207 872 1242 μείνῃ
886 1227 893 1239 ,

112 1251 160 1277 καὶ
176 1250 262 1282 οὕτως
275 1250 344 1286 ὀφθῇ
360 1250 468 1286 καθαρὰ
483 1250 648 1286 δικαιοσύνη.
664 1251 733 1277 Πότε
753 1250 814 1286 (84),
830 1249 895 1285 γοῦν

112 1297 163 1324 οὐκ
177 1294 212 1332 ἦν
233 1297 283 1331 τῆς
305 1297 430 1331 θεότητος
448 1297 556 1332 καθαρὰ
576 1298 592 1333 ὴ
615 1296 789 1332 δικαιοσύνης
806 1297 853 1328 Τίς
868 1297 896 1324 δὲ

111 1344 141 1370 ιν
162 1342 265 1382 τούτοις
283 1342 434 1379 ἀνθρώπων
450 1343 611 1379 εὐεργεσία,
640 1345 665 1370 εἰ
689 1343 726 1378 μὴ
750 1343 895 1378 ταυτότητι

114 1388 255 1425 ὑπάρξεως
266 1389 312 1415 καὶ
324 1389 431 1423 φύσεως
452 1389 591 1424 καινότητι
607 1388 683 1425 ὤφθη
701 1391 714 1416 ό
732 1388 842 1424 Κύριος,
858 1388 896 1420 ὥς

112 1442 198 1470 φησιν
222 1435 237 1461 ὁ
256 1435 432 1466 ’Δπόστολοςι
451 1436 507 1462 Ἦν
523 1434 712 1461 ἐνεκαίνισεν
732 1434 804 1468 ἡμῖν
824 1433 896 1461 ὁδὸν

111 1482 289 1516 πρόσφατον
301 1482 350 1509 καὶ
366 1481 472 1512 ζῶσαν-
488 1481 575 1515 λέγων
586 1490 592 1496 ·
616 1480 685 1515 Ἐγώ
699 1481 756 1515 εἰμι
775 1481 794 1514 ὴ
814 1480 894 1513 ὁδὸς,

113 1527 163 1554 καὶ
180 1526 199 1559 ἡ
213 1526 279 1560 ζωὴ,
296 1526 343 1553 καὶ
357 1527 376 1560 ἡ
393 1527 533 1559 dimota;
551 1525 629 1552 Ἀλλὰ
639 1525 742 1559 λέγετε,
755 1527 788 1561 τῇ
801 1525 896 1560 ὁμοιώ-

113 1580 155 1598 σει
173 1573 220 1599 καὶ
231 1574 264 1608 τῇ
283 1573 396 1607 μιμήσει
412 1571 545 1604 σώζεσθαι
563 1571 626 1603 τοὺς
645 1571 833 1604 πιστεύοντας,
848 1571 895 1597 καὶ

111 1619 143 1645 οὐ
171 1620 204 1653 τῇ
233 1618 400 1644 ἁνακαινίσει
421 1617 490 1652 (85),
514 1618 561 1644 καὶ
581 1618 614 1652 τῇ
626 1617 746 1652 ἀπαρχῇ.
765 1617 820 1643 Καὶ
836 1616 895 1649 πῶς

114 1663 284 1698 πρωτότοκος
298 1663 408 1697 γέγονεν
419 1664 447 1688 ὲν
463 1663 568 1694 πολλοζς
582 1662 716 1696 ἀδελφοῖς,
725 1662 771 1688 καὶ
784 1662 895 1697 ἀπαρχὴ

114 1708 167 1734 τῶν
182 1709 388 1744 κεκοιμημένων
403 1709 528 1744 Χριστὸς,
562 1708 597 1741 ὅς
612 1709 677 1735 ἐστι
700 1707 816 1742 κεφαλὴ
842 1708 895 1735 τοῦ

113 1753 249 1787 σώματος
265 1753 319 1787 τῆς
340 1754 537 1788 Έκκλησίας;
554 1754 622 1781 Οὔτε
642 1754 695 1789 γὰρ
715 1754 806 1785 πίστις
825 1753 896 1780 κατὰ

112 1799 192 1834 δήλου
216 1799 365 1835 φαινομένη
391 1799 446 1835 (86)
465 1800 555 1831 πίστις
573 1799 605 1826 ἂν
623 1800 744 1834 λέγοιτο·
765 1799 822 1826 ἀλλ’
839 1799 895 1826 ἔστι

114 1845 205 1876 πίστις
218 1846 234 1880 ή
251 1845 282 1871 τὸ
296 1845 424 1872 ἀδύνατον
438 1847 468 1872 ὲν
486 1845 597 1881 δυνάμει
613 1846 787 1878 πιστεύουσα,
805 1846 852 1872 καὶ
866 1846 896 1872 τὸ

113 1891 226 1923 ἀσθενὲς
240 1892 269 1917 ὲν
285 1891 375 1927 ἰσχύϊ,
393 1892 439 1918 καὶ
460 1893 490 1919 τὸ
511 1892 632 1928 παθητὸν
651 1893 680 1919 ὲν
699 1892 817 1927 ἀπαθείᾳ
828 1912 834 1924 ,
850 1892 896 1919 καὶ

113 1937 145 1963 τὸ
159 1936 275 1972 φθαρτὸν
289 1938 318 1963 ὲν
333 1937 479 1973 ἀφθαρσίᾳ,
494 1938 541 1964 καὶ
557 1938 587 1964 τὸ
604 1937 699 1973 θνητὸν
712 1939 740 1964 ἐν
753 1938 894 1973 ἀθανασίᾳ.

117 1982 152 2010 Τὸ
164 1982 331 2017 μυστήριον
347 1982 433 2009 τοῦτο
452 1982 526 2017 μέγα
540 1982 634 2014 ἐστὶν,
650 1983 688 2014 ὥς
695 1991 776 2018 φησιν
790 1984 804 2009 ὁ
821 1982 896 2009 Ἀπό-

116 2028 206 2060 στολος
218 2036 225 2043 ·
244 2028 304 2062 ἐγὼ
319 2028 353 2054 δὲ
366 2027 453 2063 λέγω,
470 2030 514 2061 εις
545 2028 683 2062 Χριστὸν,
704 2028 752 2055 καὶ
775 2030 818 2061 είς
839 2028 896 2062 τὴν

121 2074 311 2107 Ἐκκλησίαν.
324 2075 361 2100 Οὐ
372 2074 426 2109 γὰρ
439 2072 519 2110 ἦλθεν
531 2075 547 2109 ἡ
562 2074 656 2109 θεότης
673 2074 771 2110 ἑαυτὴν
785 2074 894 2100 δικαιῶ-

115 2127 169 2151 σαι,
187 2119 247 2146 οὔτε
265 2119 320 2155 (87)
342 2120 396 2156 γὰρ
416 2121 555 2156 ἥμαρτεν,
579 2121 659 2146 Ἀλλ’
673 2119 843 2154 ἐπτώχευσε
857 2118 894 2146 δι’

113 2163 192 2198 ἡμᾶς
208 2166 355 2198 πλούσιος
381 2165 440 2198 ὢν,
458 2166 507 2192 ἵνα
527 2165 611 2200 ἡμεῖς
634 2165 670 2199 τῇ
687 2165 803 2192 ἐκείνου
820 2172 895 2191 πτωρ-

945 940 960 960 a
977 933 1132 967 captivitate
1153 932 1269 960 liberum
1285 940 1359 965 esse,
1374 933 1421 967 qui
1446 931 1530 960 semel
1545 932 1572 959 in
1589 931 1730 966 captivita-

944 982 997 1005 tem
1013 982 1090 1006 actus
1107 978 1161 1005 sit?
1179 982 1209 1005 ut
1224 978 1410 1013 impotentiam
1425 978 1534 1013 quidem
1551 977 1616 1010 Deo,
1635 984 1731 1012 poten-

945 1024 1009 1052 tiam
1021 1031 1085 1051 vero
1101 1024 1210 1051 diabolo
1226 1024 1390 1054 attribuatis.
1405 1024 1470 1051 dum
1484 1024 1574 1051 dicitis
1590 1027 1729 1058 peccatum

944 1070 978 1097 ab
1002 1070 1062 1104 ipso
1083 1069 1236 1102 inductum,
1263 1077 1402 1104 nunquam
1423 1069 1450 1096 in
1475 1069 1616 1096 hominum
1633 1074 1730 1096 natura

943 1115 1047 1143 destrui
1070 1123 1150 1150 posse
1166 1115 1207 1150 (ut
1227 1120 1254 1143 et
1274 1115 1364 1143 caeteri
1387 1115 1465 1142 aiunt
1487 1114 1616 1149 haeretici)
1628 1134 1634 1146 ,
1651 1121 1683 1141 ac
1698 1121 1731 1142 ea

944 1161 976 1188 de
988 1168 1068 1189 causa
1084 1160 1189 1188 venisse
1202 1160 1383 1192 divinitatem,
1399 1167 1459 1195 quae
1471 1160 1575 1194 captiva
1589 1167 1729 1194 nunquam

944 1205 1040 1238 fuerat,
1057 1206 1084 1233 in
1098 1206 1274 1234 similitudine
1292 1206 1382 1233 carnis
1397 1210 1425 1233 et
1438 1205 1554 1239 animat;
1570 1209 1600 1232 ut
1614 1205 1673 1240 ipsa
1688 1213 1732 1233 ca-

943 1252 1066 1287 ptivitate
1080 1252 1165 1279 libera
1180 1259 1287 1286 semper
1304 1255 1437 1284 maneret,
1453 1254 1480 1278 et
1492 1251 1530 1278 sic
1542 1250 1646 1285 iustitia
1663 1258 1731 1285 pura

946 1303 1098 1334 appareret.
1125 1298 1304 1331 Quandonam
1337 1297 1419 1332 igitur
1447 1296 1596 1324 divinitatis
1623 1296 1732 1329 justitia

943 1352 1011 1379 pura
1029 1352 1081 1371 non
1104 1344 1174 1372 fuit?
1190 1344 1223 1371 Et
1245 1344 1382 1378 quodnam
1398 1343 1425 1370 in
1443 1343 1503 1370 istis
1525 1350 1588 1378 erga
1606 1343 1731 1371 homines

944 1391 1123 1424 beneﬁcium,
1146 1390 1199 1417 nisi
1223 1397 1286 1417 cum
1303 1389 1397 1416 eadem
1413 1388 1579 1420 exsistentia,
1601 1392 1629 1415 et
1643 1389 1670 1415 in
1683 1397 1731 1416 na-

945 1440 1013 1464 tura:
1030 1437 1150 1463 novitate
1166 1435 1336 1470 apparuisset
1352 1433 1493 1465 Dominus,
1516 1438 1546 1460 ut
1563 1433 1601 1460 ait
1613 1432 1731 1468 Aposto-

945 1483 1008 1510 lus:
1031 1482 1117 1515 Quam
1139 1481 1271 1508 innovavit
1292 1480 1364 1507 nobis
1385 1480 1454 1507 uiam
1474 1486 1581 1511 nouam,
1602 1483 1626 1505 et
1646 1479 1733 1505 viven-

947 1533 997 1554 tem
1012 1529 1032 1543 “
1046 1547 1053 1557 .
1066 1527 1160 1554 dicens
1173 1535 1180 1554 :
1195 1526 1251 1562 Ego
1265 1535 1324 1554 eum
1339 1526 1392 1558 uia,
1409 1525 1517 1558 veritas,
1530 1529 1554 1551 et
1569 1525 1622 1552 vita
1634 1525 1665 1552 ".
1679 1524 1732 1552 Sed

947 1572 1027 1607 757
1052 1572 1159 1604 dicitis,
1183 1571 1363 1599 similitudine
1386 1575 1413 1599 et
1440 1570 1591 1598 imitatione
1615 1570 1732 1597 salutem

945 1617 1074 1652 consequi
1097 1625 1145 1645 eos
1167 1617 1212 1652 qui
1234 1618 1370 1649 credunt,
1383 1623 1436 1643 non
1472 1616 1648 1643 renovatione
1663 1634 1671 1647 ,
1699 1623 1732 1644 ac

946 1663 1022 1698 ipsis-
1038 1663 1176 1698 primitiis.
1202 1662 1263 1696 Quo
1287 1667 1366 1697 pacto
1394 1669 1460 1697 ergo
1485 1661 1682 1697 primogenitus
1703 1662 1732 1694 in

946 1708 1039 1736 multis
1056 1708 1186 1736 fratribus
1206 1713 1232 1735 et
1248 1707 1376 1742 primitiae
1392 1707 1584 1735 dormientium
1606 1706 1733 1734 Christus

946 1761 1006 1782 esse
1023 1754 1120 1789 potuit,
1137 1754 1182 1789 qui
1204 1759 1243 1781 est
1259 1758 1336 1788 caput
1352 1754 1468 1788 corporis
1484 1752 1610 1779 Ecclesia:
1624 1751 1666 1778 "1’
1677 1750 1732 1779 Ne-

946 1807 999 1835 que
1010 1800 1081 1827 enim
1097 1799 1163 1827 ﬁdes
1176 1799 1316 1827 evidenter
1328 1806 1471 1834 apparens,
1488 1798 1554 1826 ﬁdes
1569 1797 1623 1825 dici
1635 1802 1732 1833 potue-

945 1846 1003 1873 rit:
1023 1853 1117 1873 verum
1140 1845 1208 1873 ﬁdes
1232 1849 1274 1873 est
1290 1853 1350 1880 quae
1363 1844 1437 1879 quod
1456 1843 1625 1879 impossibile
1647 1847 1688 1870 est
1704 1843 1731 1870 in

945 1892 1082 1927 potentia,
1097 1891 1170 1926 quod
1192 1891 1330 1918 inﬁrmum
1352 1891 1379 1918 in
1395 1890 1503 1922 virtute,
1517 1889 1590 1925 quod
1603 1889 1733 1924 passibile

946 1938 973 1964 iu
986 1937 1215 1972 impassihilitate,
1229 1936 1302 1972 quod
1317 1935 1492 1970 corruptibile
1504 1935 1531 1962 in
1545 1933 1732 1968 incorruptio-

945 1991 997 2016 ne,
1023 1983 1095 2017 quod
1122 1981 1237 2010 mortale
1266 1982 1294 2008 in
1321 1980 1525 2008 immortalitate
1548 1987 1610 2008 esse
1635 1979 1730 2007 credit.

946 2029 1102 2064 Mysterium
1126 2028 1174 2054 hoc
1196 2035 1320 2063 magnum
1340 2032 1395 2060 est,
1419 2031 1448 2054 ut
1463 2027 1501 2054 ait
1517 2026 1673 2061 Apostolus,
1686 2033 1732 2061 ego

945 2079 1032 2101 autem
1049 2074 1107 2100 dico
1130 2074 1157 2100 in
1181 2073 1297 2106 Christo,
1319 2077 1344 2100 et
1365 2073 1393 2100 in
1408 2072 1528 2100 Ecclesia
1540 2072 1571 2100 ".
1587 2070 1646 2098 Non
1657 2070 1731 2098 enim

947 2119 1022 2147 venit
1046 2119 1192 2151 divinitas,
1211 2123 1242 2146 ut
1266 2126 1326 2146 sese
1347 2118 1518 2153 justiﬁcarct,
1547 2124 1634 2151 neque
1659 2115 1732 2143 enim

944 2165 1066 2200 peccavit
1083 2172 1090 2190 :
1110 2163 1160 2191 Sed
1182 2173 1276 2198 egenus
1302 2164 1389 2199 factus
1405 2168 1460 2197 est,
1484 2171 1543 2190 cum
1566 2163 1635 2189 diues
1653 2165 1731 2204 esset,

113 2211 180 2246 χείᾳ
194 2211 420 2246 πλουτήσωμεν.
447 2211 509 2244 Πῶς
531 2211 558 2238 δὲ
581 2210 752 2246 ἐπτώχευσεν
772 2211 786 2236 τι
808 2210 894 2243 Θεός;

948 2215 976 2237 ιιι
991 2219 1036 2238 nos
1051 2210 1124 2237 illius
1142 2210 1232 2245 inopia
1245 2209 1337 2236 diuites
1351 2217 1464 2236 essemus
1479 2208 1510 2234 ι’.
1524 2207 1666 2240 Quomodo
1681 2214 1731 2233 au-

148 2270 160 2285 ⁹
178 2267 230 2295 lsa.
244 2276 320 2300 Lxui.
338 2269 362 2296 1.
401 2269 422 2284 ¹⁰
441 2269 520 2296 Joan.
534 2276 588 2299 xtv.
605 2268 651 2295 50.
690 2268 710 2283 ¹¹
731 2267 741 2294 1
756 2267 828 2294 Pctr.
842 2275 872 2300 ιι,
887 2266 902 2293 2

971 2267 993 2282 ’³
1013 2265 1094 2293 Hebr.
1109 2274 1137 2298 ιι,
1152 2265 1198 2292 20.
1237 2265 1259 2281 ¹³
1277 2265 1355 2298 Joan.
1369 2273 1423 2298 nv,
1439 2264 1464 2292 6.
1503 2263 1526 2279 “
1546 2262 1636 2291 Colos.
1651 2270 1671 2295 ι,
1688 2261 1730 2288 18.

116 2303 138 2320 ⁸⁸
156 2303 256 2338 Ephes.
272 2304 299 2335 5,
312 2304 357 2331 52.
396 2304 418 2320 ¹⁶
437 2304 459 2330 ll
473 2304 535 2331 Cor.
553 2311 614 2335 vin,
629 2303 655 2330 9.

113 2359 179 2378 vero
189 2355 216 2378 et
224 2350 280 2381 alii,
289 2350 471 2386 προχώρησιν.
488 2349 555 2377 Vide
565 2357 647 2385 supra
658 2356 732 2376 num.
750 2348 776 2376 6.
795 2347 896 2376 lhidem

115 2387 190 2421 Sag...
205 2387 327 2421 ἡττᾶται.

150 2418 301 2456 (79)’8ιξε.,
319 2421 372 2447 τῶν
398 2421 429 2447 ὲκ
454 2420 504 2456 γῆς
529 2418 686 2455 ἀνθρώπων,
708 2418 894 2456 miuus_recte.

115 2454 177 2483 MOX
198 2454 276 2483 idem
301 2460 327 2482 ct
348 2456 457 2483 Graecus
474 2454 619 2489 Scriptura:
637 2458 735 2485 textus,
751 2454 895 2489 διαϐαίνων

116 2492 161 2526 βίᾳ
182 2491 249 2526 μετὰ
267 2491 367 2525 ἰσχύος.
389 2491 416 2517 In
432 2491 511 2517 editis
525 2488 559 2526 ret
573 2490 599 2526 in
615 2488 893 2526 emeris,_§iq_deesl.

115 2519 216 2553 lbidém
244 2519 413 2560 Segiterianu
430 2526 474 2551 Διὸ
489 2525 535 2551 καὶ
559 2526 572 2551 ό
595 2523 720 2557 Χριστός.
737 2519 821 2550 Paulo
837 2529 896 2558 post

115 2561 197 2588 Basil.
212 2565 238 2587 et
251 2559 425 2593 Auglicanus.
441 2561 551 2595 εὑρήσει
568 2559 652 2586 οὐδέν.

152 2596 208 2630 (80)
229 2596 273 2623 Sic
297 2595 357 2629 Sag.
381 2595 457 2622 Gobl.
474 2593 506 2622 et
519 2594 635 2630 Felgkiu.
656 2594 680 2620 1.
694 2593 765 2630 Editi
790 2601 853 2630 vero
869 2598 895 2630 ct

115 2628 205 2658 αιτιιιιί
219 2631 406 2666 manuscripti,
423 2631 469 2657 καὶ
482 2630 541 2656 ὅλον
554 2628 609 2665 εἶχε
629 2629 673 2655 τὸν
690 2628 795 2664 πρῶτον
807 2629 820 2654 ὁ
836 2628 895 2654 δεύ-

115 2674 195 2701 τερος
218 2666 313 2701 Ἀδάμ.

152 2698 209 2735 (Si)
227 2698 304 2728 an‘l.
323 2705 350 2728 et
367 2700 485 2728 Fclckm.
500 2701 526 2731 1,
548 2699 594 2726 καὶ
620 2699 667 2734 οὐχ
692 2698 788 2734 εὑρέθη
812 2698 896 2730 δόλος.

116 2735 174 2763 Mox
191 2736 281 2767 iidem,
298 2736 360 2768 Πῶς
372 2735 418 2761 οὖν
435 2736 521 2769 ἔλεγε.

152 2771 207 2806 (82)
228 2772 300 2806 Seg..
316 2767 517 2806 προσαγάγητε.
538 2769 619 2806 Paulo
632 2773 693 2806 post
712 2767 778 2806 sets:
791 2768 894 2806 A‘nglic.

115 2802 224 2833 Gobler.
239 2802 399 2834 ct'Felc'kui.
412 2802 484 2838 1,’ὲν
503 2806 535 2840 τῇ
556 2802 638 2839 φύσει
661 2804 714 2830 τῶν
729 2802 892 2840 ᾀνθρὼῖτῳν.

115 2841 186 2869 Editi
197 2849 262 2869 vero
273 2846 299 2869 ct
312 2841 400 2869 caeteri
415 2838 601 2875 manuscripti,
613 2841 641 2866 ὲν
655 2840 687 2874 τῇ
701 2838 779 2872 φύσει
792 2839 837 2865 τοῦ
849 2839 893 2864 ἁν-

951 2348 965 2374 θ
970 2347 1069 2374 οώπου.

969 2357 1125 2418 ρῒὲτὲῖυέυπ.
1143 2382 1221 2410 Gobl.
1245 2382 1349 2417 Anglic.
1364 2385 1394 2408 et
1405 2381 1524 2418 Felckm.
1539 2381 1565 2414 1,
1590 2380 1619 2406 ὲν
1635 2379 1733 2414 ὁμοιώ-

951 2427 1025 2453 ματι.
1043 2416 1114 2445 Εόὶιῖ
1129 2426 1193 2445 vero
1206 2421 1231 2443 et
1247 2416 1309 2453 alii:
1318 2416 1494 2453 ὲνρμσιώσει.

985 2453 1041 2487 (81η
1063 2453 1123 2488 Seg.
1138 2453 1279 2488 Anglican.
1295 2448 1512 2488 Ba_sil.'chlcltm.
1531 2451 1547 2478 5
1567 2454 1594 2488 et
1608 2449 1636 2488 5,
1654 2448 1729 2488 πότε.

948 2484 1008 2515 Mox
1027 2484 1138 2524 Seguér.
1155 2484 1263 2515 Gobler.
1277 2492 1303 2514 et
1319 2486 1436 2514 Felckm.
1452 2487 1478 2520 1,
1501 2487 1548 2513 καὶ
1565 2485 1606 2516 τίς
1627 2485 1655 2512 ἐν
1668 2484 1731 2512 τού-

947 2532 1013 2555 τοις.

984 2559 1038 2593 (85)
1058 2558 1250 2589 δρωιοιίιὶιιυε,
1268 2556 1457 2593 ᾁναιιαινώσει.

983 2589 1039 2628 (86)
1061 2593 1123 2628 Sug.
1136 2593 1214 2620 Gobl.
1230 2597 1256 2618 et
1270 2591 1389 2628 Εειιιίιιι.
1407 2592 1430 2624 1,
1453 2589 1636 2628 κατὰλὰδήλου
1651 2597 1732 2628 φερο-

949 2624 1213 2663 μένηίΛιιέῘίειιιιιιε,
1229 2626 1300 2663 κατὰ
1311 2626 1406 2663 ἀδήλου
1419 2624 1728 2663 φαινομένηζΜοίιιδοε.

950 2638 997 2663 μεν
1020 2648 1026 2654 .
1039 2638 1213 2663 nngllcauus,
1229 2638 1300 2653 κατα
1311 2638 1406 2660 αοηΛου
1419 2638 1578 2661 φαινυμενη.
1594 2638 1653 2651 mox
1667 2638 1728 2658 acg-

950 2638 1026 2705 Golifi.
1049 2669 1076 2691 ct
1098 2663 1214 2691 Fclckm.
1235 2662 1260 2695 1,
1279 2661 1453 2688 πιστεύουσα.
1478 2660 1547 2687 Editi
1570 2665 1596 2687 et
1618 2659 1674 2693 alii,
1689 2667 1731 2686 πι-

951 2707 1096 2725 στευσασα.

985 2734 1040 2770 (87)
1057 2734 1134 2770 rSeg.,
1148 2732 1218 2770 οὐδέ.
1229 2731 1298 2770 -μ-οιι
1305 2730 1408 2770 ﬁas“...
1422 2730 1465 2758 ἵνα
1481 2731 1563 2770 ἡμεῖς
1575 2729 1716 2770 πλουτήσει)

950 2764 1009 2804 μεν.
1025 2764 1123 2804 Ibidem
1141 2767 1192 2804 Set:
1207 2787 1214 2797 ,
1229 2766 1290 2804 Πῶς
1303 2765 1331 2791 δὲ
1342 2764 1511 2804 ὲπτιῦχευσεν
1526 2767 1539 2792 ὁ
1552 2765 1644 2800 Λόγος.
1659 2764 1729 2792 Edili

948 2801 974 2832 et
991 2804 1045 2836 alii,
1062 2803 1124 2835 ua);
1138 2802 1165 2829 δὲ
1180 2801 1348 2836 ἐπτώχευσεν
1363 2802 1377 2827 ό
1390 2801 1464 2833 Θεὸς.
