1939 3041
276 152 341 180 1167

565 151 593 178 S.
613 150 797 178 ATIIANASII
817 149 891 178 OPP.
913 149 1002 177 PARS
1025 150 1045 176 1.
1068 165 1101 169 -
1121 149 1301 178 IIISTORICA
1321 151 1365 178 ET
1386 151 1592 178 DOGMATICA.

1813 153 1870 181 “68

272 210 388 238 dendum
402 207 593 239 contentiosis,
612 215 661 234 nec
679 208 712 234 iis
733 207 779 242 qui
802 207 869 234 nihil
889 207 961 234 aliud
977 215 1034 242 qua:

1101 206 1279 242 λογομαχοῦσι
1293 228 1300 238 ,
1318 209 1363 234 καὶ
1379 209 1461 243 μηδὲν
1476 207 1567 244 ἕτερον
1583 209 1708 244 ζητοῦσιν
1722 209 1738 244 ἢ
1753 210 1835 244 λέγειν
1848 219 1870 236 τι

273 260 353 288 runt,
368 261 449 290 quam
471 253 532 281 novi
549 254 687 288 quidpiam
711 253 752 280 vel
776 253 866 280 dicere
888 253 928 280 vel
945 253 1046 280 audire.

272 301 326 328 Vos
338 304 427 328 autem
443 299 490 334 qui
506 299 613 326 tirmum
629 299 733 326 habetis
747 297 964 329 fundamentum,
976 297 1048 332 quod

270 351 311 373 cst
325 345 449 373 Christus
463 344 593 372 Dominus
610 350 713 377 noster,
728 351 743 371 a
758 342 937 378 Patribu'sque
947 343 1047 370 verita-

271 389 305 416 tis
331 388 527 416 confessionem
554 389 713 423 accepistis.
738 388 901 416 aversamini
929 395 976 415 eos
1000 388 1047 422 qui

269 437 329 471 plus
346 435 468 462 minusve
482 443 563 469 quam
582 435 626 462 illa
642 435 738 462 habeat
755 434 828 469 loqui
845 433 980 461 voluerint
997 441 1003 460 :
1021 438 1048 460 et

268 479 370 514 majore
381 486 462 514 opera
486 479 598 506 fratrum
620 479 762 506 utilitatem
777 483 886 510 curate.
909 483 938 505 ut
962 477 1045 505 Deum

268 526 305 553 illi
322 526 434 553 timeant
446 546 453 557 ,
471 530 602 560 praecepta
622 525 792 558 custodiant;
819 529 849 552 ut
867 532 929 552 cum
951 531 983 551 ex
998 524 1046 551 do-

267 573 353 599 ctrina
367 571 489 604 Patrum,
505 577 562 599 tum
577 579 609 600 ex
630 572 819 599 observatione
837 574 1044 606 praeceptorum,

266 619 334 654 grati
347 618 460 646 Domino
479 619 505 645 in
519 618 562 646 die
577 618 671 653 judiuii
685 626 713 646 sc
725 618 821 645 sistere
833 616 946 652 possint.
960 615 1046 643 Valde

266 669 355 692 autem
370 664 454 691 miror
468 664 606 691 audaciam
625 671 719 691 eorum
731 683 738 696 ,
761 663 808 698 qui
830 662 898 689 nihil
922 662 1044 689 reformi-

265 710 330 737 dant
341 709 492 737 obtrectare
511 709 609 737 dilecto
630 713 656 736 et
677 716 739 736 vere
754 707 801 735 Dei
824 707 927 735 famulo
943 707 1043 734 Basilio

264 755 400 791 episcopo.
415 755 454 782 Ex
469 755 624 790 hujusmodi
639 754 710 782 enim
733 753 803 781 futili
819 754 980 789 loquacitate
996 753 1043 780 de—

264 801 392 836 prehendi
410 801 516 836 poterit,
535 808 582 828 eos
594 808 627 828 ne
640 799 751 827 Patrum
767 800 875 835 quidem
889 799 1042 828 confessio-

264 855 325 874 nem
350 847 470 882 diligere.
492 846 612 874 Salutate
636 845 742 874 fratres.
779 845 902 873 Salutant
925 854 972 873 vos
994 845 1040 880 qui

1101 253 1192 278 καινὸν
1208 254 1253 279 καὶ
1266 254 1383 280 ἀκούειν.
1413 255 1506 288 Ὑμεῖς
1520 255 1548 281 δὲ
1559 274 1566 287 ,
1581 255 1687 289 ἔχοντες
1699 255 1746 281 τὸν
1759 254 1871 290 θέμέλιον

1099 298 1215 333 ἀσφαλῇ.
1230 300 1258 330 ὃς
1271 299 1343 325 ἐστιν
1367 299 1468 335 Ἰησοῦς
1480 301 1494 326 ὸ
1506 300 1634 335 Χριστὸς,
1648 302 1662 326 ό
1676 300 1777 335 Κύριος
1790 301 1870 336 ἡμῶν,

1099 344 1145 369 καὶ
1161 344 1209 379 τὴν
1227 344 1280 370 τῶν
1304 345 1431 380 Πατέρων
1446 346 1508 380 περὶ
1524 345 1573 380 τῆς
1590 345 1718 380 ἀληθείας
1729 346 1870 381 ὁμολογίαν,

1097 388 1159 418 τοὺς
1176 387 1254 414 πλέον
1266 397 1292 415 τι
1307 389 1406 424 ταύτης
1418 389 1433 424 ἤ
1451 389 1559 416 ἔλαττον
1573 389 1660 416 λαλεῖν
1673 390 1798 422 θέλοντας
1811 392 1869 417 ἀπο-

1098 432 1244 467 στρέφεσθε
1258 434 1312 469 (51)
1325 455 1332 465 ,
1353 435 1398 461 καὶ
1415 435 1514 469 μᾶλλον
1532 435 1582 470 τῆς
1605 435 1658 462 τῶν
1673 436 1792 470 ἀδελφῶν
1805 437 1868 470 ὠφε-

1097 479 1168 511 λείας
1181 479 1296 514 γίνεσθε,
1308 482 1346 512 είς
1360 481 1389 507 τὸ
1400 481 1538 516 φοϐεῖσθαι
1550 482 1594 508 τὸν
1605 482 1681 513 Θεὸν,
1693 483 1740 508 καὶ
1750 482 1798 514 τὰς
1808 484 1869 508 ἐντο-

1096 524 1143 556 λὰς
1154 527 1259 560 τηρεῖν·
1275 527 1316 552 ἵνα
1330 527 1376 552 καὶ
1390 527 1421 553 ἐκ
1432 528 1480 562 τῆς
1490 527 1662 559 διδασκαλίας
1673 527 1726 554 τῶν
1739 528 1868 563 Πατὲρων,

1096 571 1142 597 καὶ
1156 573 1186 598 ἐκ
1200 572 1249 607 τῆς
1261 571 1314 598 τῶν
1332 573 1444 599 ἐντολῶν
1462 573 1604 608 τηρήσεως
1617 571 1767 608 δυνηθῶσιν
1779 573 1866 608 εὐάρε-

1096 624 1151 642 στοι
1175 617 1214 651 τῷ
1235 618 1328 653 Κυρίῳ
1350 619 1466 652 φανῆναι
1485 619 1512 645 ὲν
1533 619 1565 654 τῇ
1583 618 1673 654 ἡμέρᾳ
1688 618 1737 653 τῆς
1751 619 1865 653 κρίσεως.

1095 661 1167 688 Πάνυ
1189 662 1217 688 δὲ
1233 662 1392 698 τεθαύμακα
1410 664 1458 699 τὴν
1473 664 1628 700 θρασύτητα
1648 665 1702 692 τῶν
1718 665 1867 701 τολμώντων

1095 706 1182 733 λαλεῖν
1199 708 1268 734 κατὰ
1283 709 1328 735 τοῦ
1350 709 1492 745 ἀγαπητοῦ
1516 710 1609 745 ἡμῶν,
1624 710 1670 737 τοῦ
1685 711 1790 747 ἀληθῶς
1806 711 1865 738 Θεοῦ

1093 752 1185 778 δούλου
1203 753 1338 780 Βασιλείου
1354 755 1399 781 τοῦ
1415 756 1574 782 ἐπισκόπου.
1594 757 1641 783 Ἐκ
1655 757 1710 792 γὰρ
1722 757 1771 791 τῆς
1784 756 1864 783 τοιαύ-

1092 806 1142 832 της
1159 799 1292 834 φλυαρίας
1314 799 1470 835 ἐλέγχεσθαι
1493 801 1667 836 δυνήσονται,
1691 803 1728 834 ὡς
1743 802 1798 829 οὐδὲ
1817 802 1864 828 τῶν

1093 844 1219 880 Πατέρων
1235 845 1394 878 ἀγαπῶντες
1412 847 1461 882 τὴν
1475 847 1626 882 ὁμολογίαν.
1656 849 1863 884 Προσαγορεύετε

264 899 370 920 mecum
387 879 460 919 sunt.
483 891 554 926 Opto
569 899 617 919 vos
640 891 730 920 valere
750 891 777 919 in
798 891 912 919 Domino
924 912 932 925 ,
951 879 1030 919 dilect

1092 890 1153 921 τοὺς
1167 879 1315 925 ἀδελφούς.
1341 879 1590 928 Προσαγορεύουσιν
1611 879 1722 930 ὑμᾶς-οι
1740 879 1787 921 σὺν
1799 896 1859 931 ἐμοὶ.

263 937 479 973 optatissimiquc
497 937 555 965 ﬁlii.

263 1038 354 1065 Sancti
381 1036 468 1064 Patria
493 1040 577 1063 nostri
601 1035 822 1067 ATHANASII,
852 1036 1038 1070 archiepiscopi

298 1072 470 1100 Alexmidrini
483 1091 490 1103 ,
511 1071 621 1106 epistola
641 1071 675 1098 ad
696 1069 910 1098 PALLADIUM
932 1069 1039 1105 presby-

299 1113 391 1134 terum.

299 1164 399 1191 Dilecto
414 1163 468 1190 ﬁlio
481 1162 600 1190 Palladio
615 1162 781 1197 presbytero,
796 1161 960 1190 Athanasius
979 1140 1038 1197 epi-

262 1217 372 1244 scopus,
385 1210 411 1236 in
423 1208 539 1236 Domino
552 1208 678 1236 salutem.

297 1254 322 1282 1.
334 1254 480 1290 Epistolam
489 1261 596 1289 quoque
604 1261 619 1280 a
631 1258 655 1280 te.
666 1251 850 1287 unoscriptam
860 1251 1039 1279 libentissime

262 1300 363 1335 accepi,
379 1299 548 1334 potissimum
563 1299 625 1333 quia
645 1298 724 1326 solito
741 1304 816 1325 more
832 1301 934 1325 rectam
950 1297 1037 1332 spiras

261 1346 350 1373 ﬁdem.
365 1344 434 1378 Quid
451 1350 541 1372 causa:
557 1343 592 1370 sit
607 1348 696 1370 autem
710 1342 782 1377 quod
797 1350 858 1369 cum
874 1342 973 1370 dilecto
988 1349 1037 1369 no—

260 1398 318 1420 atro
331 1391 485 1430 Innocentio
498 1390 588 1424 degas,
606 1397 659 1417 non
676 1397 749 1416 nunc
762 1388 890 1423 primum,
905 1389 952 1416 sed
966 1388 1037 1424 jam-

259 1438 305 1465 diu
320 1437 400 1465 didici
412 1457 419 1468 ,
441 1437 618 1471 pietatemque
639 1434 749 1470 probavi
774 1439 858 1462 tuam.
873 1435 941 1462 Cum
956 1435 1036 1470 igitur

260 1483 311 1511 hoc
331 1483 456 1510 instituto
475 1482 575 1514 utaris,
599 1481 734 1513 rescribe,
749 1481 883 1516 nobisque
897 1481 1035 1516 signiﬁca,

260 1530 324 1566 quid
338 1529 435 1557 fratres
449 1529 497 1564 qui
511 1529 572 1556 istic
585 1533 740 1558 versantur,
759 1527 823 1562 quid
842 1528 963 1556 veritatis
984 1528 1035 1555 ini-

259 1575 322 1602 inici
336 1575 370 1603 de
384 1575 460 1602 nobis
474 1574 600 1609 cogitent.
615 1572 692 1606 Quod
707 1576 797 1600 autem
814 1571 847 1599 de
858 1572 1034 1601 Caesariensi-

256 1621 308 1648 bus
322 1620 462 1648 monachis
479 1618 648 1654 significasti,
663 1618 779 1653 idipsum
795 1626 811 1645 a
824 1618 922 1646 dilecto
940 1623 1034 1646 nostro

259 1667 354 1695 Dianio
377 1666 490 1700 accepi:
505 1666 625 1693 infensos
646 1664 750 1692 scilicet
780 1664 853 1699 ipsos
872 1672 932 1693 esse
953 1669 1034 1700 atque

255 1713 389 1740 obsistere
410 1711 508 1739 dilecto
526 1710 606 1737 nobis
619 1709 718 1736 Basilio
731 1710 868 1745 episcopo.
886 1709 947 1738 Tibi
961 1714 1033 1738 certe

255 1758 302 1792 qni
323 1765 379 1785 rem
399 1755 523 1784 indicasti
545 1754 659 1790 gratiam
680 1754 781 1788 habeo;
801 1754 856 1782 illis
871 1762 951 1787 vero,
972 1762 1033 1790 quae

255 1803 353 1836 decuit,
369 1801 482 1836 scripsi,
496 1806 526 1828 ut
539 1800 613 1827 velut
628 1799 674 1826 ﬁlii
689 1799 758 1834 patri
775 1800 969 1835 obsequantur,
984 1807 1032 1828 nec

253 1852 403 1884 repugnent
416 1847 450 1875 iis
463 1854 523 1882 qua:
538 1845 669 1880 approbat
683 1845 738 1872 ille.
755 1844 822 1873 Nam
836 1846 859 1874 si
873 1846 945 1874 circa
959 1846 1031 1874 veri-

253 1899 335 1922 tatem
357 1898 498 1930 suspectus
522 1893 566 1920 ille
589 1896 674 1924 esset,
702 1897 774 1920 recte
795 1897 962 1928 pugnarent;
989 1893 1030 1919 sin

253 1941 408 1973 conlidunt,
425 1946 455 1968 ut
470 1946 519 1967 nos
534 1937 705 1971 conﬁdimus,
717 1945 777 1966 esse
792 1938 867 1965 illum
886 1937 967 1974 764
980 1937 1031 1965 Ec-

253 1987 341 2015 clesiae
355 1987 468 2022 gloriam
481 2007 488 2020 ,
502 1986 548 2021 qui
562 1986 643 2014 etiam
656 1993 706 2020 pro
722 1985 834 2013 veritate
846 1985 967 2018 dimicat,
982 1985 1030 2012 do—

252 2039 346 2070 Cetque
362 2033 423 2062 illos
442 2033 487 2068 qui
503 2033 627 2061 doctrina
647 2032 770 2069 indigent
784 2041 793 2066 ;
815 2040 877 2060 cum
892 2032 1028 2067 ejusmodi

252 2088 318 2108 sane
340 2079 448 2107 homine
468 2079 544 2107 nefas
565 2083 606 2107 est
627 2086 764 2114 pugnare,
786 2079 841 2106 imo
861 2079 951 2114 probae
973 2086 1030 2106 suae

252 2125 423 2153 conscientiae
447 2131 530 2152 causa
551 2124 757 2159 acceptissimus
776 2131 837 2151 esse
850 2123 939 2151 debet.
959 2123 1029 2151 Sane

250 2171 328 2199 exiis
343 2178 404 2206 quae
415 2171 534 2198 narravit
547 2170 660 2198 dilectus
675 2170 796 2203 Dianius,
814 2170 888 2197 nulla
899 2170 932 2198 de
944 2177 1026 2198 causa

1099 934 1247 970 Ἐῤῥῶσθαι
1262 935 1332 970 ὑμᾶς
1347 936 1376 962 ὲν
1393 937 1485 972 Κυρίῳ
1502 936 1615 973 εὔχομαι
1627 957 1634 969 ,
1663 938 1796 974 ἀγαπητοὶ
1821 939 1860 964 καὶ

1092 978 1272 1006 ποθεινότατοι
1289 980 1340 1006 υίοί
1354 980 1418 1016 (52).

1095 1045 1147 1071 Τοῦ
1163 1045 1198 1071 ἐν
1212 1046 1306 1084 (ir/ou;
1315 1047 1434 1084 [Iarpdc
1447 1048 1542 1084 manv
1556 1051 1766 1082 ΑΘΑΝᾹΣῘΟΥ,
1788 1051 1856 1084 ἀρχι-

1126 1081 1288 1118 επισκόςιου
1315 1081 1538 1116 Ἀλεξανδρέως
1550 1103 1557 1114 ,
1573 1085 1648 1118 πρὸς
1665 1081 1857 1112 ΠΛΛᾸΑΔΪόΝ

1126 1116 1326 1149 πρεσϐύτερον
1338 1118 1484 1152 ἐπιστολή
1499 1119 1564 1153 (55).

1131 1171 1274 1206 ’Λγαττητῷ
1290 1172 1340 1207 υἱῷ
1357 1173 1496 1209 Παλλαδίῳ
1511 1175 1688 1211 πρεσσυτὲρῳ
1716 1174 1853 1205 Ἀθανάσιος

1089 1217 1103 1242 δ
1117 1216 1271 1248 ἐπίσκοπος,
1288 1218 1316 1243 ἐν
1333 1218 1426 1253 Κυρίῳ
1442 1218 1555 1252 χαίρειν.

1124 1262 1150 1288 1.
1163 1263 1218 1289 Καὶ
1234 1263 1281 1297 τὴν
1301 1264 1376 1298 παρά
1400 1263 1445 1289 σοῦ
1468 1264 1547 1299 μόνου
1563 1267 1714 1300 γραφεῖσαν
1726 1264 1851 1298 ἐπιστολὴν

1088 1308 1242 1344 δεξάμενος,
1263 1309 1373 1344 ἐχάρην,
1390 1309 1505 1344 μάλιστα
1520 1310 1559 1337 ὅτι
1579 1311 1702 1347 συνήθως
1715 1310 1801 1342 ἔπνεες
1812 1311 1850 1344 ἐρ-

1088 1353 1216 1386 θοδοξίας.
1248 1354 1302 1381 Καὶ
1317 1355 1366 1389 τὴν
1380 1355 1466 1382 αἰτίαν
1479 1355 1506 1382 δὲ
1527 1356 1560 1391 ἣν
1578 1357 1648 1392 μετά
1668 1357 1712 1384 τοῦ
1725 1355 1848 1392 ἀγαπητοῦ

1088 1399 1164 1434 ἡμῶν
1182 1399 1336 1427 Ἰνοκεντὶου
1348 1400 1402 1436 (54)
1418 1401 1536 1435 διάγεις,
1550 1402 1580 1427 οὐ
1603 1402 1711 1438 πρῶτον
1727 1402 1785 1434 νῦν,
1800 1400 1847 1428 ἀλλ’

1087 1445 1202 1482 ἔκπαλαι
1219 1445 1320 1480 μαθὼν,
1332 1446 1504 1482 ἀντεδεξάμην
1518 1456 1564 1473 σου
1579 1447 1630 1483 τὴν
1649 1448 1790 1476 εὐλάϐειαν.
1805 1447 1847 1473 θῦ-

1087 1501 1124 1519 τω
1143 1493 1230 1518 τοίνυν
1258 1492 1392 1528 πράττων,
1409 1492 1498 1528 γράφε
1514 1493 1561 1519 καὶ
1574 1493 1691 1528 γνώριζε
1702 1495 1780 1529 ἡμῖν,
1798 1492 1847 1523 πῶς

1048 1550 1068 1578 c
1087 1539 1144 1565 ἐκεῖ
1156 1539 1180 1565 οί
1195 1538 1303 1573 ἀδελφοὶ
1315 1539 1381 1573 (55),
1396 1540 1443 1566 καὶ
1457 1539 1516 1571 πῶς
1531 1540 1555 1566 οί
1569 1540 1663 1576 ἐχθροὶ
1676 1541 1723 1575 τῆς
1735 1538 1846 1574 ἀληθείας

1085 1585 1148 1619 περὶ
1164 1584 1242 1620 ἡμῶν
1253 1584 1426 1612 διανοοῦνται.
1450 1585 1555 1620 Ἐπειδὴ
1569 1585 1597 1611 δὲ
1619 1586 1666 1612 καὶ
1679 1586 1738 1620 περὶ
1749 1585 1796 1611 τῶν
1806 1592 1845 1619 μο-

1084 1630 1215 1662 ναξόντων
1238 1631 1292 1657 τῶν
1315 1631 1343 1658 ἐν
1367 1631 1517 1667 Καισαρείᾳ
1541 1631 1694 1666 ἐδήλωσας·
1719 1628 1844 1666 ἔμαθονδὲ

1083 1683 1119 1700 πα
1123 1674 1157 1709 ρὰ
1167 1673 1213 1700 τοῦ
1225 1674 1364 1710 ἀγαπητοῦ
1375 1675 1391 1710 ἠ
1395 1674 1452 1710 μῶν
1459 1675 1574 1707 Διανίου,
1585 1675 1625 1708 ὡς
1634 1675 1796 1710 λυπουμένων
1804 1673 1843 1700 καὶ

1082 1719 1283 1754 ἀνθισταμένων
1293 1719 1381 1746 αὐτῶν
1391 1720 1430 1755 τῷ
1443 1721 1575 1756 ἀγαπητῷ
1590 1721 1671 1757 ἡμῶν
1681 1721 1799 1755 Βασιλείῳ
1810 1718 1842 1753 τῷ

1082 1763 1221 1798 ὲπισκόπῳ
1231 1772 1237 1778 ·
1254 1764 1284 1790 σὲ
1301 1764 1350 1799 μὲν
1367 1764 1537 1800 ἀπεδεξάμην
1550 1765 1715 1800 δηλώσαντα,
1729 1766 1808 1795 αὐτοῖς
1817 1763 1839 1789 δὲ

1081 1808 1114 1834 τὰ
1130 1808 1265 1843 πρέποντα
1280 1809 1415 1843 δεδήλωκα
1426 1819 1433 1825 ·
1450 1811 1483 1837 ἶν’
1495 1811 1532 1842 ὡς
1546 1811 1629 1838 τέκνα
1643 1811 1787 1838 ὑπακούωσι
1797 1817 1839 1835 πι-

1080 1853 1190 1888 τρὶ,κα“ι
1204 1854 1241 1890 μὴ
1251 1854 1434 1888 ἀντιλέγωσιν,
1448 1853 1488 1887 οἷς
1504 1856 1584 1888 αὐτὸς
1599 1856 1743 1892 δοκιμάζει.
1758 1856 1785 1882 El
1798 1854 1838 1889 μὲν

1081 1899 1134 1932 γέιρ
1143 1898 1262 1931 ὕποπτος
1275 1897 1308 1935 ἦν
1320 1900 1382 1935 περὶ
1395 1900 1444 1936 τὴν
1456 1901 1594 1936 ἀλήθειαν,
1611 1903 1697 1934 καλῶς
1708 1902 1834 1937 ἐμάχοντο·

1081 1945 1104 1970 εἰ
1115 1945 1143 1971 δὲ
1153 1945 1344 1981 τεθαῤῥήκασι,
1356 1946 1562 1982 τεθαρῥήκαμεν
1570 1948 1599 1975 δὲ
1607 1949 1652 1975 καὶ
1662 1949 1753 1978 πάντες
1762 1946 1834 1981 ἡμεῖς.

1080 1991 1117 2022 ὡς
1129 1991 1256 2027 καύχημα
1265 1991 1314 2026 τῆς
1322 1992 1480 2027 Ἐκκλησίας
1491 1993 1572 2025 ἐστὶν,
1587 1994 1774 2029 ἀγωνιζόμενος
1783 1989 1836 2026 μίλ-

1079 2035 1124 2061 λον
1134 2036 1203 2072 ὑπὲρ
1214 2035 1264 2071 τῆς
1275 2035 1412 2071 ἀληθείας,
1427 2038 1472 2064 καὶ
1484 2037 1616 2065 διδάσκων
1627 2039 1688 2070 τοὺς
1699 2038 1833 2072 δεομένους·

1079 2082 1109 2108 οὐ
1123 2082 1174 2118 χρὴ
1190 2082 1257 2118 πρὸς
1270 2082 1315 2109 τὸν
1331 2082 1449 2109 τοιοῦτον
1464 2083 1607 2118 μάχεσθαι,
1622 2084 1687 2111 ἀλλά
1699 2080 1834 2118 καὶμᾶλλον

1079 2127 1254 2163 ἀποδέχεσθαι
1270 2127 1319 2163 τὴν
1339 2128 1443 2164 ἀγαθὴν
1462 2129 1544 2156 αὑτοῦ
1567 2129 1722 2164 συνείδησιν.
1754 2126 1792 2158 Ἐξ
1803 2121 1834 2150 ὧν

1079 2173 1132 2208 γὰρ
1145 2173 1291 2208 διηγήσατο
1304 2175 1318 2200 ὀ
1329 2174 1469 2210 ἀγαπητὸς
1477 2175 1581 2207 Διάνιος
1591 2196 1598 2208 ,
1617 2176 1702 2211 μάτην
1714 2173 1832 2208 φαίνονται

250 2219 375 2246 videntur
388 2217 531 2253 indignari.
545 2216 592 2244 llle
605 2223 722 2251 namque
733 2236 740 2249 ,
754 2220 784 2243 ut
797 2215 935 2249 existimo,
952 2216 1027 2243 inﬁr-

1087 2218 1248 2253 λυπούμενοι.
1283 2219 1368 2251 Αὐτὸς
1396 2220 1445 2255 μὲν
1464 2221 1532 2256 γὰρ,
1549 2221 1587 2253 ὡς
1601 2221 1749 2256 τεθάῥρηκα
1761 2238 1767 2250 ,
1787 2216 1832 2246 τοῖς

250 2264 303 2290 mis
316 2262 440 2290 inﬁrmus
460 2261 590 2294 edicitur,
611 2266 640 2288 ut
661 2261 785 2288 inﬁrmos
799 2261 920 2289 lucretur
930 2261 953 2277 “
968 2270 974 2288 :
990 2262 1028 2288 di-

249 2309 311 2337 lecti
332 2316 397 2336 vero
419 2308 505 2335 nostri
524 2307 722 2342 conspicientes
749 2307 810 2342 ejus
829 2307 863 2334 ad
886 2307 1026 2335 veritatem

250 2362 362 2390 scopum
372 2375 380 2388 ,
396 2359 476 2389 atque
488 2353 667 2381 oeconomiam
679 2373 686 2385 .
702 2352 820 2380 referant
842 2353 957 2381 Domino
970 2354 1027 2389 glo-

247 2402 315 2428 riam
326 2421 333 2433 ,
345 2401 392 2436 qui
409 2399 585 2436 Cappadociae
598 2399 754 2434 episcopum
768 2400 841 2427 dedit
858 2400 1025 2434 bujusmodi,

247 2446 354 2481 qualem
369 2453 436 2473 sane
450 2445 524 2472 nulla
541 2452 595 2472 non
609 2445 682 2479 regio
697 2445 749 2472 sibi
772 2448 905 2479 peroptat.
919 2444 960 2471 Tu
977 2445 1026 2472 ita-

247 2499 309 2526 que,
324 2491 430 2522 dilecte.
443 2490 470 2518 id
485 2491 548 2522 illis,
562 2497 665 2525 quaiso,
679 2491 821 2523 renuntia;
841 2495 881 2524 ut,
897 2491 1025 2526 quemad-

248 2537 356 2564 modum
379 2536 486 2571 scripsi,
510 2542 612 2562 morem
628 2535 665 2562 illi
680 2539 783 2569 gerant.
802 2535 867 2562 Illud
891 2535 962 2562 enim
978 2543 1025 2563 eos

246 2588 310 2616 erga
339 2584 442 2615 patrem
471 2586 550 2607 suum
573 2578 717 2606 benevolos
739 2578 849 2610 elliciet,
876 2586 1024 2614 pacemque

282 2658 304 2673 "
325 2657 410 2685 lCor.
430 2665 468 2689 ut,
481 2657 525 2684 22.

282 2730 337 2765 (5|)
357 2731 445 2758 Felck.
462 2731 489 2762 5,
507 2730 732 2765 ἀποστρέφεσθαι.

291 2766 336 2799 52)
356 2767 414 2792 Υἱοί
429 2766 504 2793 deest
519 2767 546 2792 in
563 2765 652 2792 Felck.
670 2765 698 2792 5.

281 2801 337 2836 (55)
357 2801 427 2831 lla-c,
443 2801 510 2836 πρὸς
523 2800 669 2836 Παλλάδιρν
684 2800 867 2836 πρεσϐύτερον
883 2800 1019 2836 ἐπιστολή,

244 2835 342 2864 absunt
356 2844 371 2862 a
385 2835 478 2868 ltegio,
494 2835 574 2862 Basil.
587 2840 614 2861 ct
628 2835 714 2861 Ὲυιρῐκζ
734 2835 760 2866 5,
782 2839 828 2862 sed
844 2835 977 2863 habentur
993 2835 1019 2863 ii-

1078 2264 1364 2300 ἀσθενοῦσιν¹ἀσθενὴς
1379 2266 1498 2300 γίνεται,
1519 2266 1561 2293 ἵνα
1575 2268 1637 2298 τοὺς
1653 2265 1766 2295 ἀσθενεῖς
1780 2269 1830 2296 κερ·

1077 2308 1162 2345 δήστγ
1177 2309 1202 2335 οι
1215 2309 1243 2335 δὲ
1259 2309 1394 2345 ἀγαπητοὶ
1414 2310 1506 2346 ἡμῶν,
1534 2311 1726 2341 ἀποΰλέποντες
1742 2309 1777 2339 είς
1795 2305 1832 2332 τὸν

1078 2354 1178 2381 σκοπὸν
1192 2355 1240 2390 τῆς
1254 2355 1381 2390 ἀληθείας
1396 2355 1487 2388 αὐτοῦ,
1502 2356 1548 2382 καὶ
1563 2356 1611 2392 τὴν
1624 2354 1766 2389 οἰκονομίαν
1775 2373 1782 2384 ,
1796 2351 1830 2377 εο-

1077 2399 1228 2433 ξαζέτωσαν
1241 2400 1286 2427 τὸν
1298 2400 1409 2436 Κύριον,
1427 2401 1472 2428 τὸν
1482 2401 1613 2429 δεδοικότα
1625 2403 1656 2437 τῇ
1672 2396 1830 2429 Καππαδοκίᾳ

1076 2445 1194 2472 τοιοῦτον
1207 2446 1364 2479 ἐπίσκοπον,
1374 2443 1429 2473 οἷον
1440 2447 1487 2473 καὶ
1499 2447 1600 2482 ἑκάστη
1613 2446 1684 2482 χώρα
1695 2445 1760 2479 ἔχειν
1771 2440 1829 2475 εὔχε-

1075 2499 1128 2518 ται.
1144 2491 1199 2518 Καὶ
1210 2491 1242 2518 σὺ
1256 2489 1301 2518 οὖν
1310 2512 1318 2524 ,
1335 2493 1457 2528 ἀγαπητὲ
1466 2514 1474 2527 ,
1499 2493 1608 2528 θέλησον
1621 2492 1707 2522 αὐτοῖς
1717 2487 1826 2524 δηλῶσαι,

1076 2536 1134 2568 ἵνα,
1150 2537 1188 2568 ὡς
1203 2537 1322 2572 ἔγραψα,
1339 2537 1479 2564 πεισθῶσι.
1508 2538 1592 2564 Τοῦτο
1613 2537 1665 2572 γὰρ
1687 2535 1728 2562 καὶ
1747 2531 1827 2560 αὐτοὺς

1075 2582 1228 2617 συνίστησιν
1245 2582 1414 2618 εὐγνώμονας
1428 2583 1496 2619 πρὸς
1512 2583 1630 2619 πατέρα’
1653 2581 1725 2608 τοῦτο
1735 2578 1775 2605 καὶ
1786 2575 1826 2610 τὴν

1074 2738 1162 2765 Felt-k.
1178 2738 1203 2768 7,
1217 2742 1243 2764 ct
1258 2737 1284 2763 in
1299 2737 1426 2764 omnibus
1440 2737 1528 2764 editis.

1107 2773 1163 2805 (54)
1183 2771 1336 2798 Felcltman.
1353 2772 1380 2804 5,
1399 2771 1580 2798 ’lvoxoue-rtou.

1109 2799 1163 2843 (55)
1184 2806 1336 2834 Felckman.
1352 2799 1379 2838 εξ
1397 2807 1455 2838 πῶς
1468 2807 1564 2834 ἐκεῖνοι
1575 2807 1598 2832 oi
1611 2799 1722 2837 ἀδελφοί.
