1939 3041
113 133 182 160 “69

111 194 222 230 εἰρήνην
234 195 293 225 ταῖς
313 195 484 229 Ἐκκληπίαις
495 196 550 231 (56)
563 196 729 230 διαφυλάξει.
749 195 897 231 Ἐρῤὦσϐαί

112 246 142 263 σε
156 239 186 265 ὲν
202 239 296 274 Κυρίῳ
312 238 435 275 εὔχομαι,
452 239 576 275 ἀγαπητὲ
590 240 642 266 υῐέ.

618 134 786 163 EPISTOLA
804 135 849 162 AD
869 135 1015 163 AMUNEM
1036 133 1240 163 MONACHUM.
1659 135 1728 163 H70

951 195 1132 223 Ecclesiarum
1155 194 1281 222 servabit.
1302 194 1371 229 Opto
1391 198 1418 222 te
1438 195 1465 222 ἂι
1489 194 1605 222 Domino
1623 195 1728 228 valere,

949 240 1044 267 dilecte
1061 239 1107 267 fIIi.

126 336 1722 350 —-——————————-——————————_

426 402 466 432 IN
492 403 594 432 TRES
623 401 925 439 SUBSEQUENTES
952 401 1166 432 EPISTOLAS
1189 401 1429 433 ADMONITIO.

147 494 166 520 Ι.
180 494 280 521 Prwter
292 503 322 521 ea
336 503 393 530 qua:
403 495 430 522 in
445 494 599 529 prtefatione
613 493 726 529 generali
739 494 779 520 his
792 493 824 521 de
835 495 953 529 epistolis
967 494 1164 528 adnotavimus,
1177 495 1309 522 eruditum
1323 495 1444 522 lectorem
1458 495 1585 523 monitum
1597 495 1726 529 volemus.

112 543 184 570 nobis
197 543 299 570 nullam
309 543 350 570 hic
363 543 443 578 fuisse
459 543 580 578 temporis
598 544 737 575 rationem,
749 548 827 578 atque
841 544 898 571 ideo
910 544 944 570 ad
961 543 1059 571 calcem
1072 542 1134 570 illas
1147 543 1333 575 transmisisse,
1348 547 1376 570 ut
1389 550 1439 577 quo
1450 542 1540 569 ordine
1554 541 1581 568 in
1592 541 1728 569 Canonum

111 588 306 615 collectionibus
323 592 437 620 exstant,
451 589 540 616 eodem
554 590 595 616 hic
607 589 778 616 locarentur:
792 589 817 615 in
835 589 899 616 solis
914 590 1008 624 quippe
1025 589 1161 618 Canomtm
1179 588 1312 615 codicibus
1326 592 1474 622 comparent
1488 587 1552 620 illae,
1566 587 1636 614 haud
1654 595 1727 614 secus

111 636 158 663 hoc
173 637 200 663 in
217 641 285 663 tomo
299 637 436 664 ordinatur.
454 636 590 672 Edittzque
602 642 661 664 sunt
678 639 748 671 apud
761 636 923 664 Theodorum
938 637 1132 669 Balsamonem,
1146 643 1204 662 cum
1219 635 1325 663 scholiis
1337 634 1452 670 ejusdem
1464 633 1638 662 Balsamonis.
1651 633 1727 661 Cum

111 682 173 709 item
182 687 242 709 sunt
256 682 282 709 in
295 682 458 710 Collectione
471 683 612 712 Canonum
627 685 786 716 Oxoniensi,
800 689 862 712 tom.
877 685 909 718 ll,
921 692 947 719 ρ.
962 684 1006 718 56,
1025 691 1083 711 cum
1098 683 1202 710 scholiis
1218 682 1329 710 Zonaras
1339 687 1363 709 et
1374 682 1549 710 Balsamonis.
1565 680 1604 708 De
1616 681 1726 716 singulis

110 730 232 764 quredam
244 730 286 756 hic
303 731 413 766 agenda.

147 778 177 805 ll.
193 777 324 806 EPISTOLA
334 787 366 806 AD
376 780 490 807 Annuus
505 781 571 808 nihil
584 781 659 808 habet
674 781 742 816 quod
751 780 923 808 Athanasium
936 786 1068 807 auctorem
1080 788 1132 807 non
1149 779 1288 814 praiferat;
1302 777 1329 804 id
1343 776 1425 811 stylus
1439 775 1541 807 suadet,
1551 781 1648 800 necnon
1663 780 1725 800 ora-

109 825 188 852 tionis
201 833 462 862 argumentorumque
479 828 613 863 ἐνέργεια,
635 837 726 855 nomen
740 828 850 863 denique
864 829 973 855 Amunis
986 828 1106 855 monachi
1121 828 1265 855 Athanasio
1273 825 1413 858 notissimi,
1422 824 1454 851 de
1467 831 1517 858 quo
1528 830 1606 857 supra
1619 830 1645 856 ρ.
1663 821 1724 848 672-

110 873 268 906 Quastionis
284 879 370 900 autem
382 874 520 906 cujusdam
539 875 609 910 apud
625 876 763 902 monachos
780 876 903 903 excitata
918 875 1054 902 occasione
1070 876 1133 902 data
1149 875 1204 902 hcce
1220 874 1330 908 epistola
1342 877 1390 900 est.
1406 871 1534 899 Nonnulli
1547 871 1640 906 quippe
1652 875 1726 898 erant

109 917 154 951 qui
168 922 310 944 nocturnas
323 917 459 944 illusiones
474 918 556 945 animi
570 920 738 954 corporisque
750 919 893 953 puritatem
905 922 1029 945 temerare
1043 918 1233 950 contenderent,
1245 925 1296 951 qua
1308 917 1339 943 de
1351 925 1376 944 re
1387 917 1419 944 ab
1432 919 1531 944 Amune
1542 921 1726 944 monachorum

109 961 192 989 Patre
208 967 312 998 rogatus
324 962 494 997 Athanasius,
512 964 607 991 validis
618 964 663 991 ille
675 969 772 1000 pugnat
788 964 957 999 argumentis,
974 972 1025 990 nou
1039 963 1096 997 plus
1110 964 1209 998 peccati
1217 963 1276 990 Ituie
1294 963 1374 991 inesse
1391 964 1439 997 rei,
1451 964 1513 991 dum
1528 963 1595 990 absit
1610 963 1726 998 proposi-

111 1013 177 1040 tum,
193 1017 272 1044 quam
285 1011 417 1044 egerendis
431 1011 587 1045 quibuslibet
606 1012 722 1046 corporis
739 1012 919 1039 excrementis.
936 1011 1020 1038 Porro
1036 1019 1094 1037 cum
1106 1011 1191 1038 Aman
1207 1016 1267 1038 ante
1282 1011 1424 1038 Antoninus
1444 1010 1497 1037 vita
1515 1009 1619 1044 [unctus
1633 1010 1679 1041 sit,
1696 1013 1725 1037 ut

109 1064 136 1090 p.
149 1056 201 1083 672
215 1057 323 1090 dicitur,
337 1057 479 1092 obieritque
489 1058 620 1086 Antonius
634 1059 738 1086 ineunte
757 1067 825 1086 anno
842 1058 903 1090 556,
922 1066 1024 1085 necesse
1039 1062 1076 1085 est
1093 1063 1153 1085 ante
1169 1067 1268 1085 annum
1286 1058 1362 1085 illum
1377 1057 1469 1084 datam
1480 1057 1619 1092 epistolam
1633 1057 1725 1092 fuisse,

110 1103 155 1129 sed
170 1111 220 1138 quo
238 1111 337 1145 revera,
354 1104 500 1138 conjectare
511 1106 656 1140 nequimus.

146 1149 188 1178 lll.
205 1150 341 1178 EPISTOLA
354 1159 491 1184 rxs'nus,
504 1150 580 1177 initio
595 1150 701 1183 mutila,
716 1154 743 1177 ut
764 1150 856 1184 cuique
869 1149 958 1184 palam
977 1154 1025 1182 est,
1037 1157 1070 1176 ea:
1089 1157 1196 1176 numero
1217 1157 1271 1176 esse
1285 1150 1387 1177 videtur
1402 1150 1570 1184 epistolarum
1588 1150 1726 1177 Athanasii

112 1198 248 1233 {estalium
263 1199 295 1226 ab
312 1198 473 1234 Hieronymo
489 1204 703 1231 memoratarum,
715 1197 761 1224 lib.
774 1196 811 1224 De
826 1197 1007 1232 scriptoribus
1022 1197 1226 1231 ecclesiasticis,
1240 1198 1268 1224 in
1278 1206 1329 1232 qua
1351 1202 1435 1224 tamen
1456 1197 1583 1225 nonnulla
1598 1197 1665 1232 forte
1680 1205 1725 1223 oc-

110 1249 202 1272 currat
218 1245 328 1272 aduersa
343 1245 467 1280 suspicio.
486 1244 557 1271 Nam
568 1244 630 1270 dum
645 1244 784 1270 canonicos
800 1247 911 1269 recenset
927 1243 1006 1270 libros
1021 1243 1195 1275 Athanasius,
1208 1243 1314 1270 minime
1325 1243 1403 1278 aﬂ‘ert
1419 1244 1506 1270 varias
1525 1243 1556 1270 de
1571 1243 1726 1269 auctoritate

110 1291 283 1324 quorumdam
310 1290 455 1326 Scriptura:
478 1290 605 1317 librorum
630 1289 789 1317 sententias:
804 1289 911 1324 plurimi
929 1297 1039 1324 namque
1058 1288 1104 1315 illo
1121 1297 1174 1316 (evo
1188 1293 1332 1323 postremas
1346 1289 1413 1316 duas
1424 1289 1536 1316 Joannis
1550 1287 1683 1324 Epistolas
1699 1289 1727 1315 in

111 1338 315 1366 controversiam
329 1339 466 1371 uocabant,
482 1346 580 1365 necnon
596 1338 664 1364 alias
678 1337 818 1372 quasdam,
832 1337 994 1372 maximeque
1005 1337 1119 1363 omnium
1132 1337 1306 1372 Apocalypsi):
1317 1336 1427 1364 Joannis
1440 1344 1449 1363 :
1461 1345 1513 1372 qua
1523 1339 1553 1364 de
1566 1345 1593 1364 re
1606 1336 1726 1372 legendus

113 1385 249 1420 Eusebius,
267 1386 312 1414 lib.
326 1394 355 1414 III
381 1385 485 1414 Eccles.
500 1386 575 1418 hist.,
590 1393 616 1420 ρ.
633 1385 678 1419 97,
689 1390 713 1412 et
729 1384 835 1419 Gregor.
848 1384 980 1412 Nazianz.
993 1384 1084 1412 Carm.
1098 1385 1166 1420 p.98
1177 1389 1201 1412 et
1214 1385 1274 1413 l94.
1296 1385 1389 1412 Verum
1402 1389 1490 1412 nostro
1503 1385 1604 1420 quidem
1614 1385 1724 1419 judicio,

111 1433 178 1460 nihil
193 1439 231 1461 est
244 1438 273 1461 ut
286 1442 317 1462 ea
330 1435 361 1462 de
378 1442 458 1461 causa
482 1437 637 1461 hareamus.
658 1433 728 1460 Nam
746 1434 830 1467 potuit
851 1433 1011 1460 Athanasius
1036 1441 1112 1460 suam
1127 1433 1301 1468 acrioremque
1314 1433 1468 1460 sententiam
1490 1431 1593 1467 populis
1614 1432 1724 1466 aperire,

111 1479 173 1513 quin
182 1479 270 1506 varias
281 1486 312 1506 ea
323 1477 355 1506 de
366 1487 392 1506 re
402 1479 600 1513 disceptationes
609 1477 678 1514 vulgi
685 1483 791 1512 captum
802 1482 952 1512 superantes
963 1477 1112 1504 inmedium
1120 1478 1233 1512 afferret.
1245 1477 1330 1510 Quare
1341 1478 1478 1505 Athanasii
1487 1486 1574 1504 verum
1583 1486 1637 1505 esse
1646 1477 1726 1511 fetum

112 1525 283 1553 arbitrantur.

148 1574 192 1602 IV.
211 1574 244 1601 In
260 1583 389 1603 EPISTOLA
404 1584 437 1602 sn
453 1574 623 1602 RUFINIsNuu
634 1574 701 1601 nihil
711 1583 762 1601 non
777 1574 890 1600 occurrit

954 1575 1117 1607 anasianum,
1129 1583 1175 1602 nec
1186 1575 1327 1610 quidquam
1343 1574 1523 1602 controversia?
1536 1574 1567 1600 de
1580 1573 1627 1600 illa
1639 1578 1725 1615 ortum

112 1619 163 1654 fuit
178 1621 291 1656 uspiam.
312 1621 423 1656 Scripsit
436 1626 523 1648 autent
537 1621 622 1654 illam,
637 1625 666 1648 ut
688 1620 827 1655 Ruﬁniano
853 1621 1028 1656 responderet,
1046 1623 1173 1657 quaerenti
1192 1631 1243 1657 qua
1264 1623 1411 1651 conditione
1433 1622 1588 1649 admittendi
1610 1618 1724 1649 hwretic‘

111 1672 184 1702 sunt,
196 1676 255 1695 cum
271 1669 306 1695 ad
320 1677 412 1696 sanam
428 1669 609 1705 regrediuntur
621 1669 708 1704 ﬁdem.
724 1670 764 1696 Ad
775 1669 828 1697 ha'c
844 1670 879 1696 ait
892 1669 1064 1703 Athanasius,
1077 1671 1111 1697 iis
1131 1671 1175 1706 qui
1196 1676 1369 1705 revertuntur,
1388 1673 1411 1699 si
1434 1671 1537 1702 haeresi,
1555 1679 1604 1697 sua
1623 1674 1723 1705 sponte,

111 1713 271 1747 patrocinati
285 1715 393 1749 fuerint,
408 1716 605 1742 condonaudum
628 1716 743 1751 quidem,
755 1716 799 1743 sed
814 1717 842 1742 in
856 1716 954 1743 clerum
965 1717 1033 1751 ipsos
1053 1718 1158 1744 minime
1175 1718 1349 1746 admittendos
1371 1724 1506 1753 oportere:
1521 1719 1572 1750 sin,
1590 1719 1613 1744 vi
1630 1716 1723 1747 coacti,

111 1768 172 1787 cum
184 1761 310 1789 haereticis
327 1764 511 1795 consenserint,
527 1771 577 1789 non
587 1762 644 1790 loco
658 1763 729 1797 ipsos
745 1771 789 1790 nec
806 1763 889 1798 gradu
904 1764 1039 1792 movendos
1049 1773 1113 1793 esse.
1136 1766 1315 1802 Memoratque
1337 1768 1448 1802 carptim
1468 1767 1595 1802 synodum
1610 1766 1726 1793 Alexan—

112 1809 178 1836 dria
192 1810 308 1837 habitam
324 1817 392 1838 anno
402 1811 462 1843 562,
476 1819 554 1846 quam
575 1811 622 1838 diu
643 1816 702 1838 ante
727 1811 881 1838 celebratam
898 1813 983 1839 innuit
996 1821 1005 1840 :
1017 1821 1048 1840 es:
1067 1822 1118 1849 quo
1139 1815 1241 1842 videtur
1257 1817 1394 1850 postremis
1414 1816 1554 1842 Athanasii
1573 1815 1632 1842 vitte
1646 1814 1724 1841 annis

112 1857 175 1884 data
192 1859 245 1884 [nec
256 1858 375 1892 epistola.
388 1857 472 1885 Porro
486 1859 574 1886 eadem
589 1859 669 1894 ferme
685 1859 716 1887 de
728 1859 808 1894 lapsis
824 1859 858 1886 ad
875 1858 1006 1887 Basiliam
1023 1863 1127 1897 scripsit
1143 1863 1313 1896 Athanasius,
1327 1872 1385 1898 quae
1401 1864 1435 1890 ad
1454 1863 1632 1897 lla/initurum,
1646 1867 1673 1889 ut
1691 1863 1726 1889 vi-

111 1903 171 1930 dare
186 1908 223 1931 est
238 1904 265 1930 in
280 1904 390 1939 epistola
402 1904 497 1932 Basilii
509 1905 550 1931 75.

116 1991 170 2018 Τοῦ
184 1991 222 2036 ἐς
232 1992 325 2036 ἁγίοις
341 1991 454 2036 [lacch
474 1992 557 2036 τὶμῶγ
572 1995 791 2036 ΑΘΑζνΑΣιοχ,
818 1996 894 2036 ἀρχι-

954 1998 1026 2034 765
1044 1998 1134 2036 sancti
1155 1998 1241 2036 Patris
1265 2000 1353 2036 nostri
1365 1999 1584 2036 ATIIANASH.
1599 2001 1726 2036 archiepi-

151 2027 577 2070 eqiq‘teiifrop._\xle§ar6pelaq
590 2048 597 2060 ,
638 2029 783 2063 ἐπιστολὴ
821 2027 894 2065 τὲιὶὖς

954 2027 1051 2068 ’ἷεῗηιί
1064 2034 1241 2066 Αιεπιιηιινίω,
1260 2035 1370 2070 epistola
1396 2035 1430 2062 ad
1454 2027 1615 2063 AMUNEM
1636 2027 1726 2064 moria-

150 2062 278 2088 ΛΜΟΥΝ
294 2061 350 2097 (57)
365 2062 538 2096 μονάζοντιι.

149 2117 241 2145 Πάντα
253 2118 301 2152 μὲν
310 2118 379 2145 καλὰ
389 2120 436 2146 καὶ
447 2119 552 2155 καθαρὰ
563 2120 597 2147 τὰ
606 2120 652 2147 τοῦ
662 2120 729 2147 Θεοῦ
741 2123 879 2157 ποιήματα
887 2131 893 2137 ·

113 2163 189 2190 οὐδὲν
199 2163 254 2199 γὰρ
267 2164 400 2199 ἄχρηστον
411 2166 426 2201 ἢ
441 2166 592 2202 ἀκάθαρτον
608 2168 622 2193 6
638 2166 685 2193 τοῦ
697 2167 764 2194 Θεοῦ
780 2168 895 2203 πεποίη-

114 2219 147 2236 κε
171 2209 227 2244 (58)
240 2210 335 2244 Λόγος⁸
348 2212 473 2245 Χριστοῦ
500 2213 554 2249 γὰρ
567 2213 675 2240 εὐωδία
688 2213 780 2248 ἐσμὲν
790 2214 824 2240 ἐν
835 2214 897 2247 τοῖς

112 2254 303 2289 σωζομένοις,
318 2257 387 2283 κατὰ
401 2258 446 2284 τὸν
460 2258 617 2285 Ἀπὸστολον
627 2268 634 2274 '
644 2259 736 2295 ἐπειδὴ
749 2259 777 2286 δὲ
789 2260 896 2286 ποικίλα

113 2301 160 2328 καὶ
177 2301 334 2337 πολύτροπα
350 2303 382 2329 τὰ
397 2303 441 2330 τοῦ
457 2304 579 2331 διαϐόλου
595 2305 657 2341 βέλη
669 2325 676 2337 ,
692 2306 738 2332 καὶ
754 2306 814 2338 τοὺς
830 2307 895 2333 ἁκε-

115 2347 269 2382 ραιοτέρους
281 2348 313 2383 τῇ
324 2347 419 2383 γνώμῃ
430 2350 629 2384 παρασκευάζει
640 2351 829 2386 ταράττεσθαι,
843 2359 895 2377 κω-

113 2392 171 2418 λύει
183 2401 212 2419 τε
228 2393 278 2428 τῆς
294 2393 423 2429 συνήθους
435 2395 587 2430 γυμνασίας
600 2397 662 2427 τοὺς
674 2396 811 2431 ἀδελφοὺς,
830 2398 896 2423 ὐπο-

115 2438 233 2472 σπείρων
243 2439 333 2470 αὐτοῖς
348 2439 491 2475 λογισμοὺς
502 2441 669 2477 ἀκαθαρσίας
683 2443 728 2469 καὶ
741 2443 893 2478 μολυσμοῦ·

115 2483 191 2517 φέρε,
208 2483 250 2510 διὰ
267 2483 388 2520 βραχέων
404 2486 449 2511 καὶ
459 2486 507 2521 τὴν
518 2485 564 2512 τοῦ
578 2487 695 2522 πονηροῦ
714 2487 817 2523 πλάνην
842 2489 895 2514 ἀπ-

114 2527 254 2563 ελάσωμεν
270 2530 302 2564 τῇ
317 2529 362 2555 τοῦ
378 2530 502 2565 Σωτῆρος
513 2531 589 2566 ἡμῶν
606 2533 706 2566 χάριτι,
721 2533 767 2559 καὶ
780 2534 829 2568 τὴν
841 2533 895 2559 τῶν

115 2573 304 2610 ἁπλουστέρων
321 2574 433 2610 γνώμην
448 2576 616 2612 στηρῐξωμεν
631 2577 698 2612 (59).
731 2578 830 2606 Πάντα
846 2579 896 2614 μὲν

154 2629 172 2645 ’⁷
192 2629 213 2655 ll
226 2630 287 2657 Cor.
303 2638 333 2662 II,
350 2631 392 2657 15.
430 2631 452 2646 ⁸³
472 2630 515 2657 Tit
538 2638 557 2662 I,
576 2631 618 2657 15.

151 2684 205 2746 (ff)
229 2685 344 2720 Regius,
363 2686 412 2721 τῆς
437 2686 606 2721 Ἐκκλησῑας.
626 2686 687 2713 Mox
707 2687 821 2722 Regius,
838 2688 894 2714 δια-

186 2728 252 2746 ττει.

136 2728 252 2747 υλαττει.

136 2728 252 2747 usae-sat.

115 2728 133 2753 φ
154 2754 276 2791 (57)βί‹;
300 2756 417 2783 maxima
445 2764 508 2791 pars
535 2756 781 2791 manuscriptorum
812 2757 892 2790 Etliti,

117 2797 180 2827 cuiu
196 2789 282 2827 tribus
299 2789 618 2826 InaIIuscriptis,‘Apov3v.
635 2789 681 2819 sed
696 2801 757 2819 cum
775 2792 854 2819 unico
875 2789 894 2827 μ

118 2824 271 2857 lugendum,
292 2831 320 2852 ut
331 2833 411 2860 supra
429 2824 489 2861 pag.
502 2824 686 2854 672.001bcrt.
701 2827 727 2859 Ξ,
743 2833 801 2862 pust
816 2824 894 2862 μονᾶ-

981 2069 1066 2096 cltum.

981 2124 1091 2160 Opiﬂcia
1117 2125 1165 2154 Dei
1185 2127 1276 2154 omnia
1301 2127 1370 2155 bona
1391 2135 1512 2163 puraque
1533 2132 1615 2161 sunt;
1632 2129 1726 2157 inutile

946 2173 1045 2208 quippe
1069 2173 1137 2201 nihil
1159 2178 1206 2201 aut
1227 2175 1361 2209 impurum
1386 2174 1432 2202 Dei
1458 2174 1574 2202 Verbum
1595 2175 1724 2204 condidit.

946 2218 1013 2246 Nam
1028 2219 1128 2247 Christi
1143 2220 1224 2247 bonus
1237 2223 1302 2247 odor
1316 2229 1405 2247 sumus
1421 2221 1449 2248 in
1466 2222 1499 2248 iis
1513 2222 1557 2256 qui
1569 2222 1635 2249 salvi
1648 2223 1725 2257 ﬁunt,

947 2271 975 2293 ut
985 2266 1023 2293 ait
1035 2266 1220 2301 Apostolus".
1233 2267 1299 2294 Cum
1317 2271 1406 2294 autem
1421 2267 1496 2294 varia
1511 2267 1660 2303 eallidaque
1672 2268 1726 2296 sint

947 2311 1047 2339 diaboli
1062 2312 1124 2344 tela,
1140 2313 1186 2347 qui
1204 2313 1230 2340 id
1247 2318 1335 2346 curat,
1352 2317 1380 2340 ut
1396 2313 1575 2348 simpliciores
1589 2314 1680 2341 animo
1698 2314 1725 2341 in

946 2359 1174 2393 perturbationem
1209 2360 1354 2394 conjiciat,
1378 2360 1529 2394 fratresque
1550 2369 1566 2388 a
1589 2361 1725 2388 consuetis
1775 2374 1782 2382 ν

945 2405 1082 2432 exercitiis
1098 2405 1241 2438 deterreat,
1258 2405 1322 2432 dum
1339 2406 1460 2440 impurus
1474 2406 1569 2434 inserit
1582 2407 1726 2434 obscenas-

945 2458 999 2485 que
1016 2450 1205 2485 cogitationes,
1221 2459 1279 2485 age,
1296 2452 1390 2486 paucis
1405 2452 1514 2486 maligni
1534 2452 1642 2479 fraudes
1653 2472 1659 2484 ,
1679 2460 1726 2487 per

947 2496 1096 2524 Salvator-is
1117 2497 1203 2523 nostri
1227 2497 1352 2531 gratiam,
1376 2497 1553 2531 depellamus,
1577 2498 1724 2533 simplicio-

945 2551 1060 2577 rumque
1069 2547 1186 2570 mentem
1196 2543 1397 2572 coulirnIemus.
1410 2544 1505 2571 Omnia
1515 2544 1620 2578 quidem
1628 2545 1726 2572 munda

946 2590 1050 2615 mundis
1060 2589 1081 2604 ’⁸⁸
1102 2598 1108 2615 :
1128 2589 1174 2616 sed
1190 2588 1359 2623 impurorum
1380 2593 1438 2617 tum
1467 2590 1650 2622 censcientia,
1669 2595 1725 2617 tum

948 2687 1036 2718 ζοντα,
1052 2687 1135 2718 anldit,
1152 2688 1214 2722 περὶ
1227 2688 1467 2722 ἐνυπνιαζομένων.

982 2722 1038 2756 (58)
1061 2722 1158 2756 Regius
1176 2724 1203 2754 5,
1227 2723 1347 2757 ἐποίησε.
1365 2722 1435 2750 lnl'l'tl
1450 2723 1566 2750 Colliert.
1580 2723 1609 2756 2,
1623 2725 1683 2751 ἐπεὶ
1698 2725 1726 2751 δε

949 2757 1067 2794 ποιξςίλσιἶ
1082 2757 1142 2783 Mox
1156 2762 1273 2794 quatuor
1289 2759 1648 2794 manuscripti,ﬁmpaloug.

984 2792 1040 2830 liii!)
1061 2792 1206 2830 llaumunos
1230 2793 1312 2830 formo
1327 2801 1463 2830 Innnuscl'.
1483 2792 1553 2820 Editi
1569 2802 1632 2821 vero
1660 2803 1691 2822 σς
1700 2802 1727 2830 ι·

950 2827 1077 2862 ρὶζωμεν.
1094 2826 1152 2853 Mos
1169 2827 1222 2862 γάρ
1240 2828 1314 2855 deost
1326 2828 1351 2855 in
1366 2833 1482 2863 quatuor
1499 2836 1636 2858 manuscr.
