1939 3041
114 125 185 154 1175

629 124 795 153 EPISTOLA
812 125 859 152 AD
875 123 1022 152 AMUNEM
1043 122 1247 151 MONACHUM.

1673 124 1744 152 HN

114 183 205 220 μελῶν
213 183 386 220 τρεφομένων
397 183 427 210 τὸ
440 182 565 218 τηριττδν
575 182 749 218 ἀποπέμπειν
759 181 814 218 (66)
824 191 830 197 ·
845 179 896 209 οἷον

951 181 1014 209 item
1030 188 1163 213 secessus,
1178 179 1278 215 illaque
1293 179 1520 215 spermaticorum
1536 184 1676 209 meatuum
1694 188 1742 210 su“

113 229 237 265 κεφαλῆς
252 229 458 266 περιττώματα,
474 228 566 265 τρίχες
576 248 583 260 ,
600 229 646 255 καὶ
661 229 695 256 τὰ
713 228 768 255 ἀπὸ
781 229 901 265 κεφαλῆς

113 275 235 310 ὑδατώδη
251 275 423 310 πεμπόμενα,
438 273 486 300 καὶ
498 273 616 309 γαστρὸς
630 273 837 308 διαχωρήματα,
854 275 901 300 καὶ

112 321 205 348 τοίνυν
225 321 278 348 τῶν
302 320 495 356 σπερματικῶν
517 319 608 356 πόρων
625 320 712 347 ὲ·κείνο
729 319 898 354 περίττωμα.

113 367 183 394 Ποία
191 366 279 393 τοίνυν
287 367 345 392 ἐστὶ
353 367 420 401 πρὸς
428 366 506 399 Θεοῦ,
515 363 537 392 ὦ
548 366 688 401 πρεσϐῦτα
699 366 899 401 θεοφιλέστατε,

111 413 246 448 ἁμαρτία,
258 412 339 439 αὑτοῦ
351 411 396 439 τοῦ
410 412 559 444 πλάσαντος
570 413 601 438 τὸ
615 412 669 444 ζῶν
682 412 810 439 δεσπότου
823 412 901 448 Θελή-

114 466 211 489 σαντος
227 457 274 484 καὶ
288 458 448 493 ποιήσαντος
457 457 542 484 ταῦτα
557 457 592 484 τὰ
607 458 673 494 μέλη
690 458 816 489 τοιαύτας
829 453 900 493 ἔχειν

111 503 262 537 διεξόδους
278 504 387 540 Ἐπειδὴ
401 504 429 530 δὲ
442 504 498 539 (67)
513 504 553 530 δεῖ
568 504 787 540 προσλαμϐάνειν
801 505 835 531 τὰ
847 505 900 532 τῶν

112 551 238 587 πονηρῶν
253 550 440 585 ἐναντιώματα
450 571 457 583 ,
471 552 573 578 εἴποιεν
587 551 642 586 γὰρ
654 551 686 579 ἄν
698 560 704 566 ·
722 552 780 578 Οὐκ
792 549 837 578 οὖν
850 552 900 578 οὐχ

113 597 185 624 εστιν
205 597 327 632 ἁμαρτία
348 596 407 623 οὐδὲ
424 597 439 631 ὴ
464 596 565 632 ἀληθὴς
584 597 696 632 χρῆσις.
713 597 736 623 εἰ
749 597 782 623 τὰ
797 597 899 632 ὄργανα

113 643 189 679 παρὰ
203 643 250 669 τοῦ
265 643 435 678 Δημιουργοῦ
451 643 647 670 διαπέπλασται
662 643 727 679 (68).
737 643 808 679 Πρὸς
821 643 899 670 τοῦτο

111 688 329 724 ἐρωτηματικῶς
345 689 444 720 αὐτοὺς
459 688 608 724 παύσωμεν
629 689 778 724 φάσκοντες
788 698 794 704 ·
816 690 898 716 Ποίαν

111 733 201 767 λέγεις
211 734 318 769 χρῆσιν,
327 733 376 768 τὴν
389 733 515 769 ἔννομον,
528 734 561 769 ἢν
575 734 622 760 καὶ
636 735 650 760 ὀ
663 734 728 766 Θεὸς
739 734 898 770 ἐπέτρεψεν,

111 778 301 812 Δῠξάνεσθε,
318 779 420 814 λέγων,
437 779 486 806 καὶ
507 780 706 813 πληθύνεσθε,
725 780 772 807 καὶ
785 779 898 814 πληρώ-

110 834 187 853 σατε
207 825 264 860 τὴν
278 825 352 860 τῆν’
377 826 411 861 ἣν
427 827 441 852 ό
459 826 618 858 Ἀπόστολος
636 826 782 858 ἀπεδέξατο
796 826 897 854 εἰπών·

113 873 211 908 Τίμιος
227 874 244 899 ὁ
258 871 352 907 γάμος
372 873 422 900 καὶ
449 872 467 906 ἠ
483 873 567 907 κοίτη
584 873 727 907 ἀμίαντος
737 882 744 889 ’
760 873 776 909 ἢ
790 873 838 909 τὴν
854 873 900 908 δη·
913 863 936 894 Β

112 917 188 954 μὼδη
203 917 262 954 μὲν,
275 917 410 953 λαθραίως
421 917 448 944 δὲ
464 919 510 944 κα).
527 918 658 953 μοιχικῶς
671 918 897 954 ἐπιτελουμένηνς

117 964 195 991 Ἔτεεὶ
208 963 316 990 καὶτῶν
326 963 424 996 ἄλλων,
435 963 489 990 τῶν
500 964 529 990 ἐν
540 963 579 998 τῷ
590 963 639 998 βῐῳ
649 964 809 998 γινομένων,
821 964 900 1000 εὑρή-

111 1018 194 1047 σομεν
207 1010 255 1043 τὰς
271 1010 401 1046 διαφορὰς
415 1010 485 1037 κατά
498 1019 524 1036 τι
539 1009 682 1045 γινομένας
692 1019 698 1025 ·
709 1007 764 1037 οἷον
777 1010 898 1045 φονεύειν

109 1057 161 1084 οὐκ
176 1057 290 1090 ἔξεστιν.
306 1056 362 1084 ἀλλ’
378 1058 406 1083 ὲν
414 1057 542 1092 πολέμοις
552 1056 608 1091 (69)
617 1057 739 1091 ἀναιρεῖν
752 1056 813 1088 τοὺς
824 1056 897 1082 ἀντι-

110 1102 212 1135 πάλους
223 1103 270 1130 καὶ
284 1103 396 1138 ἔννομον
407 1103 454 1129 καὶ
468 1102 578 1129 ἐπαίνου
589 1102 674 1135 ἄξιον.
688 1101 765 1128 Οὕτω
775 1101 838 1136 γοῦν
851 1101 898 1128 κα)⁵
906 1113 920 1129 ι

109 1149 197 1185 τιμῶν
209 1149 334 1185 μεγάλων
341 1150 365 1176 οἱ
374 1149 444 1176 κατὰ
454 1149 571 1184 πόλεμον
580 1147 789 1184 ἀριστεύσαντες
798 1143 902 1180 ἀξιοῦνί

109 1204 154 1223 ται
166 1217 174 1229 ,
198 1197 244 1222 καὶ
269 1195 364 1231 στῆλαι
380 1195 482 1222 τούτων
495 1195 646 1230 ἐγείρονται
663 1194 845 1230 κηρύττουσαι
864 1195 897 1221 τὰ

109 1241 320 1278 κατορθώματα.
339 1242 420 1268 Ὥστε
434 1241 465 1268 τὸ
482 1241 548 1268 αὐτὸ
564 1241 634 1268 κατά
649 1250 676 1267 τι
694 1241 743 1276 μὲν
765 1241 811 1268 καὶ
828 1241 898 1268 κατὰ

110 1288 204 1324 καιρὸν
217 1289 266 1315 οὐκ
282 1288 387 1321 ἔξεστι,
402 1287 473 1315 κατά
491 1296 516 1314 τι
534 1287 562 1314 δὲ
578 1287 625 1314 καὶ
638 1287 773 1322 εὐκαίρως
789 1288 897 1322 ἀφίεται

110 1335 157 1362 καὶ
181 1334 388 1370 συγκεχώρηται
412 1334 479 1369 (70).
502 1334 531 1361 '0
546 1333 627 1366 αὐτὸς
646 1333 735 1360 τοίνυν
757 1333 835 1368 λόγος
851 1334 897 1360 καὶ

109 1381 174 1416 περ).
187 1381 236 1416 τῆς
249 1380 360 1416 μίξεως·
373 1380 512 1416 Μακάριος
524 1380 552 1412 ὃς
564 1380 592 1406 ὲν
606 1380 722 1414 νεότητι,
737 1378 816 1413 ζυγὸν
829 1378 896 1414 ἔχων

111 1427 265 1463 ὶλεύοερον,
283 1428 316 1463 τῇ
339 1427 418 1461 φύσει
439 1427 506 1462 πρὸς
520 1426 690 1453 παιδοποιίαν
706 1425 836 1461 κέχρηται
848 1434 855 1440 ·
872 1425 895 1451 ει

109 1473 137 1501 δὲ
154 1474 222 1508 πρὸς
237 1473 390 1508 ἀσέλγειαν,
407 1473 523 1509 πόρνους
550 1473 595 1499 καί
611 1472 722 1508 μοιχοὺς
736 1473 752 1507 ἡ
770 1471 843 1507 παρὰ
858 1471 897 1506 τῷ

116 1518 268 1554 Ἀποστόλῳ
280 1521 416 1554 γραφεῖσα
425 1518 544 1554 τιμωρία
557 1518 692 1551 ἐκδέξεται
704 1517 769 1553 (71).
781 1517 832 1543 Δύο
843 1517 896 1552 γὰρ
910 1535 930 1562 c

108 1565 196 1591 οὐσῶν
210 1564 277 1590 ὁδῶν
290 1566 318 1591 ὲν
329 1564 367 1599 τῷ
378 1564 428 1600 βίῳ
439 1563 501 1600 περὶ
514 1564 626 1596 τούτων,
644 1564 707 1598 μιᾶς
722 1563 770 1598 μὲν
782 1571 896 1598 μετριω-

108 1602 191 1645 τέρας
210 1600 418 1644 κᾶἶξιωτὶἱῆνςν,
435 1609 480 1635 τοῦ
495 1609 583 1643 γάμου
596 1608 668 1642 λέγω
678 1616 685 1622 ”
701 1609 749 1643 τῆς
762 1607 789 1634 δὲ
801 1607 896 1643 ἐτέρας

109 1654 257 1690 ἀγγελικῆς
273 1654 320 1681 καὶ
337 1653 549 1689 ἀνυπερϐλήτου,
565 1653 614 1688 τῆς
626 1653 790 1688 παρθενίας·
807 1653 830 1678 εί
847 1652 896 1687 μέν

109 1709 150 1732 τις
164 1700 213 1737 τὴν
226 1701 369 1736 κοσμικὴν,
387 1699 458 1726 τοῦτ’
473 1699 529 1726 ἔστι
546 1699 590 1726 τὸν
605 1699 704 1734 γάμον,
717 1699 812 1726 ἕλοιτο.
825 1699 895 1733 μέμ-

108 1747 155 1782 ψιν
172 1748 221 1782 μὲν
236 1747 286 1773 οὐκ
302 1746 373 1781 ἔχει’
390 1745 507 1772 τοσαῦτα
518 1745 546 1771 δὲ
557 1745 712 1780 χαρίσματα
729 1745 758 1771 οὐ
769 1744 894 1780 λήψεται.

110 1792 230 1828 Λήῲεται
247 1792 301 1827 γὰρ
312 1813 319 1823 ,
338 1791 450 1827 ἐπείπερ
466 1791 542 1826 φέρει
557 1791 604 1817 καὶ
626 1791 707 1822 αὐτὸς
724 1790 828 1826 καρπὸν
842 1791 895 1816 τῶν

109 1839 256 1874 τριάκοντα
268 1838 334 1873 (7‘2).
353 1838 384 1864 Εἰ
400 1837 427 1864 δὲ
444 1838 492 1872 τὴν
507 1838 590 1872 ἁγνήν
604 1846 644 1868 τις
659 1837 895 1872 καὶύπερκόσμιον

110 1884 266 1916 ἀσπάσοιτο,
279 1885 302 1910 εί
317 1884 362 1910 καὶ
375 1885 487 1919 τραχεῖα
499 1883 574 1918 παρὰ
587 1883 635 1918 τὴν
649 1882 758 1918 πρώτην
773 1883 820 1908 καὶ
833 1882 895 1908 δυσ-

110 1931 279 1968 κατόρθωτος
295 1931 311 1966 ἡ
326 1930 399 1962 ὁδὸς,
415 1931 489 1965 ὅμως
501 1930 556 1964 ἔχει
570 1929 727 1965 χαρίσματα
736 1928 894 1964 Θαυμασιώ-

109 1986 189 2013 τερα⁵
206 1977 251 2004 τὸν
267 1977 320 2012 γὰρ
336 1977 437 2003 τέλειον
455 1977 559 2012 καρπὸν
574 1977 622 2012 τὴν
638 1975 801 2002 ἑκατοντάδα
815 1975 894 2002 ἐϐλά-

111 2030 218 2057 στησεν.
237 2022 316 2048 Ὥστε
330 2022 362 2048 τὰ
378 2022 521 2057 ἀκάθαρτα
534 2021 623 2048 αὐτῶν
636 2021 682 2047 καὶ
697 2021 801 2056 πονηρὰ
813 2020 895 2055 ζητή-

113 2075 184 2102 ματα
198 2066 287 2098 λύσεις
304 2067 371 2098 ἰδίας
386 2067 448 2101 ἔσχε
465 2068 511 2093 καὶ
527 2066 602 2102 παρὰ
617 2066 670 2093 τῶν
688 2066 766 2092 Οείων
780 2066 894 2101 Γραφῶν

111 2112 194 2139 πάλαι
209 2112 396 2148 προλυϐείσας.
433 2113 611 2148 Ύποστὴριζε
627 2113 725 2144 τοίνυν,
752 2110 774 2139 ὦ
791 2112 892 2145 Πάτερ,

109 2158 159 2189 τὰς
175 2157 228 2184 ὐπὺ
246 2158 342 2184 σαυτὸν
357 2158 472 2192 ἀγέλας,
492 2159 524 2185 ὲκ
539 2158 591 2185 τῶν
604 2158 789 2185 ἁποστολικῶν
806 2167 893 2192 παρα-

951 226 1101 262 perﬂuitas.
1114 225 1291 261 Ecquodnam
1303 225 1394 253 hacin
1408 233 1439 254 re
1451 231 1590 262 peccatum
1601 226 1629 255 in
1642 225 1740 258 Deum,

952 279 1033 301 senex
1058 272 1274 308 religiosissime,
1291 280 1353 300 cum
1369 272 1427 307 ipse
1438 272 1570 301 Dominus
1579 273 1624 308 qui
1638 273 1741 301 animal

951 314 1091 353 condidit,
1116 319 1142 347 id
1165 318 1268 346 curarit
1289 319 1471 354 ell'eceritque,
1497 325 1527 347 ut
1544 319 1602 347 haec
1616 319 1741 347 membra

949 370 1041 393 essent
1057 365 1192 400 ejusmodi
1211 366 1344 393 meatibus
1363 366 1506 394 instructa.
1526 365 1661 394 Caeterum
1675 366 1738 401 quia

950 412 1134 446 praevertenda
1146 416 1210 440 sunt
1221 412 1408 451 improborum
1420 417 1580 448 argumenta
1596 420 1603 439 :
1620 410 1739 440 fortasse

949 457 1022 484 enim
1047 456 1186 485 dixerint:
1205 457 1276 494 Ergo
1304 465 1354 485 nec
1377 460 1459 486 verus
1485 466 1580 486 eorum
1606 465 1672 486 usus
1696 462 1738 486 est

950 502 1248 538 peccatuIn,-siquidcm
1266 511 1367 538 organa
1382 511 1397 530 a
1411 503 1550 531 conditore
1565 502 1638 530 facta
1652 506 1735 536 sunt;

950 547 987 573 ita
1011 545 1185 581 loquentibus
1210 547 1264 575 illis
1287 547 1337 575 hac
1353 547 1574 583 ,interrogatione
1600 547 1736 575 silentium

951 593 1122 629 imponamus
1136 603 1142 620 :
1158 593 1244 627 Quem
1257 595 1327 622 dicis
1341 602 1432 628 nsum,
1449 595 1644 630 lcgitimumne,
1653 602 1734 630 quem

949 639 1021 667 Deus
1047 639 1090 667 his
1108 640 1231 675 permisit
1252 641 1363 669 verbis:
1382 640 1505 674 Crescite,
1530 646 1554 668 et
1572 641 1734 676 multiplica-

949 687 1031 718 mini,
1052 691 1076 714 et
1099 687 1194 722 replete
1218 689 1344 715 terram“
1357 696 1364 715 :
1379 696 1460 724 quem
1486 693 1514 716 et
1532 689 1591 723 ipse
1610 688 1734 723 probavit

949 733 1109 767 Apostolus,
1134 741 1197 761 cum
1221 733 1290 761 dixit
1309 743 1317 761 :
1335 734 1496 762 Honorabile
1523 734 1681 762 connubium
1709 739 1734 761 et

950 778 1039 806 [herus
1066 780 1301 814 immaculatus“;
1336 789 1370 808 an
1405 776 1543 816 publicum
1575 781 1650 808 illum
1687 781 1733 815 qui

948 825 1103 853 clanculum
1123 831 1150 854 et
1171 826 1316 854 libidinose
1331 827 1492 856 exercetur?
1506 826 1573 854 Nam
1587 827 1614 854 in
1629 827 1734 854 caeteris

950 879 1068 907 quoque,
1083 880 1131 907 per
1146 873 1216 900 hanc
1226 873 1310 900 vitam
1325 873 1370 909 agi
1387 873 1486 905 solitis,
1497 873 1622 908 quaedam
1634 879 1732 900 occur-

950 920 1014 943 runt
1029 916 1125 951 agendi
1140 916 1298 944 discrimina
1314 928 1322 945 :
1339 917 1420 952 quale
1435 917 1560 953 occidere
1575 924 1630 944 non
1650 917 1731 948 licet;

948 965 977 988 at
989 960 1016 987 in
1030 960 1100 988 bello
1115 961 1286 992 adversarios
1303 961 1464 994 interﬁcere,
1479 967 1505 990 et
1521 962 1682 998 legitimum,
1706 966 1734 989 et

949 1005 1028 1033 laude
1040 1005 1151 1041 dignum
1163 1011 1213 1034 cst.
1232 1005 1277 1034 Sic
1287 1006 1394 1042 magnis
1406 1006 1542 1034 donantur
1557 1007 1674 1042 praemiis
1685 1007 1731 1042 qui

949 1060 978 1080 se
995 1052 1022 1079 in
1039 1052 1108 1080 bello
1122 1057 1231 1080 strenue
1243 1056 1352 1088 gerunt,
1366 1052 1491 1088 eippique
1505 1052 1657 1088 eriguntur,
1672 1060 1732 1087 qua:

949 1098 1078 1133 praeclara
1091 1106 1186 1126 eorum
1209 1098 1346 1125 celebrent
1361 1097 1492 1125 facinora.
1508 1097 1599 1132 Itaque
1613 1097 1730 1132 idipsum

948 1142 1065 1177 quodam
1082 1143 1174 1174 modo,
1188 1147 1215 1170 et
1228 1143 1346 1178 quodam
1363 1147 1484 1178 tempore
1496 1149 1549 1169 non
1564 1142 1625 1169 licet
1638 1151 1644 1169 :
1662 1150 1730 1176 qua-

947 1188 1009 1215 dam
1039 1193 1128 1217 autem
1155 1188 1260 1216 ratione
1283 1192 1310 1215 et
1333 1188 1534 1223 opportunitate
1566 1188 1732 1222 permittitur

947 1235 1170 1270 concediturque.
1187 1234 1288 1263 Eadem
1311 1234 1395 1270 igitur
1416 1239 1458 1263 est
1479 1234 1513 1262 de
1535 1234 1609 1262 coitu
1633 1234 1703 1262 ratio
1720 1243 1730 1262 :

948 1280 1046 1309 Beatus
1061 1281 1108 1316 qui
1123 1281 1151 1308 in
1166 1281 1309 1316 juventute
1322 1281 1409 1308 libero
1419 1280 1529 1316 junctus
1545 1280 1730 1314 matrimonio.

948 1331 1044 1354 natura
1058 1327 1092 1354 ad
1105 1327 1252 1354 liberorum
1267 1326 1481 1362 procreationem
1499 1334 1564 1354 usus
1576 1331 1618 1354 est
1636 1335 1641 1353 :
1657 1326 1731 1361 quod

947 1371 970 1399 si
995 1372 1030 1399 ad
1051 1372 1208 1405 libidinem,
1237 1372 1418 1400 fornicatores
1443 1377 1470 1399 et
1491 1372 1632 1406 moechos,
1657 1372 1731 1407 quod

947 1418 1017 1453 apud
1034 1418 1193 1453 Apostolum
1216 1422 1384 1445 memoratur
1395 1438 1403 1451 ,
1419 1418 1582 1455 supplicium
1602 1418 1728 1452 excipiet.

947 1464 1014 1492 Nam
1031 1464 1128 1499 duplex
1144 1471 1206 1491 eum
1220 1464 1256 1491 sit
1275 1463 1317 1490 via
1336 1463 1362 1490 in
1377 1463 1433 1491 vita
1444 1484 1452 1496 ,
1469 1464 1520 1491 alia
1537 1463 1645 1499 quidem
1661 1464 1730 1491 inie-

948 1511 1003 1538 rior
1014 1510 1215 1546 vulgariorque,
1228 1509 1393 1537 matrimonii
1409 1510 1529 1544 scilicet;
1542 1510 1595 1537 alia
1607 1518 1670 1537 vero
1681 1518 1730 1538 an-

947 1557 1030 1593 gelica
1048 1561 1075 1584 et
1090 1563 1217 1591 suprema
1233 1556 1354 1582 omnium
1369 1576 1377 1588 ,
1393 1563 1489 1591 nempe
1504 1556 1683 1591 virginitatis;
1705 1557 1729 1584 si

947 1603 1008 1638 quis
1024 1602 1189 1629 mundanam
1201 1621 1209 1634 ,
1226 1601 1336 1636 nuptias
1352 1601 1480 1628 nimirum
1500 1601 1628 1636 elegerit,
1650 1601 1728 1636 culpa

945 1649 1053 1685 quidem
1072 1652 1164 1680 vacat,
1187 1648 1233 1675 sed
1258 1652 1297 1675 tot
1320 1652 1448 1682 tantaque
1471 1655 1525 1674 non
1548 1652 1729 1683 consequetur

945 1694 1027 1722 dona.
1040 1694 1230 1728 Consequetur
1244 1697 1333 1720 tamen
1350 1693 1455 1728 aliqua,
1470 1694 1492 1721 si
1506 1694 1615 1728 quidem
1629 1698 1656 1722 et
1670 1696 1728 1728 ipse

947 1740 998 1768 fert
1013 1740 1129 1767 fructum
1141 1739 1319 1766 tricesimum.
1335 1738 1363 1766 Si
1379 1739 1440 1774 quis
1453 1747 1516 1767 vero
1531 1744 1632 1766 castam
1648 1747 1728 1766 mun-

945 1785 1035 1820 doque
1061 1785 1227 1819 superiorem
1250 1783 1392 1818 amplexus
1406 1783 1487 1811 fuerit
1501 1785 1582 1811 vitam
1594 1805 1602 1817 ,
1619 1785 1727 1812 tametsi

946 1832 1002 1858 hrcc
1017 1830 1100 1858 altera
1116 1830 1238 1866 asperior
1260 1834 1286 1856 et
1304 1829 1438 1858 dilIicilior
1452 1830 1494 1858 via
1508 1834 1564 1863 est,
1581 1834 1608 1857 at
1635 1830 1725 1858 excel-

945 1878 1105 1905 lentioribus
1132 1878 1175 1906 ille
1200 1879 1358 1906 muneribus
1391 1879 1534 1906 donandus
1559 1883 1601 1905 est
1625 1887 1632 1904 :
1663 1885 1725 1912 per-

945 1923 1043 1951 fectum
1070 1925 1168 1960 quippe
1190 1925 1327 1957 fructum,
1349 1933 1444 1960 nempe
1459 1924 1637 1952 centesimum
1661 1930 1726 1958 pro-

943 1970 1030 1997 duxit.
1045 1969 1137 2004 itaque
1152 1970 1278 1998 obscenae
1290 1970 1397 1997 illorum
1416 1974 1497 2004 atque
1511 1969 1636 2003 malignae
1651 1976 1725 2002 quae-

944 2015 1066 2046 stiones.
1102 2016 1228 2051 proprias
1263 2017 1363 2044 habent
1389 2016 1538 2043 solutiones
1563 2023 1596 2042 ex
1626 2015 1725 2042 divinis

945 2060 1092 2096 Seripturis
1106 2062 1161 2095 jam
1180 2062 1243 2088 olim
1259 2062 1366 2089 allatas.
1383 2061 1520 2089 Conlirma
1538 2067 1619 2095 ergo,
1634 2059 1724 2092 Pater,

943 2115 1037 2142 greges
1064 2112 1126 2135 tuos
1141 2128 1147 2139 ,
1165 2108 1374 2143 apostolicisque
1396 2107 1485 2135 verbis
1503 2107 1619 2134 hortare.
1638 2105 1726 2132 Evan-

943 2155 1034 2188 gelicis
1049 2154 1181 2187 demulce,
1197 2163 1230 2182 ex
1243 2154 1355 2189 psalmis
1372 2155 1405 2181 da
1421 2154 1564 2182 consilium
1585 2161 1591 2179 :
1616 2153 1724 2186 Viriﬁca

111 2202 199 2229 καλῶν
215 2202 281 2237 (75),
297 2203 328 2228 ἐκ
340 2202 392 2228 τῶν
406 2203 589 2237 εύαγγελικῶν
603 2203 779 2238 ψυχαγαγῶν,
796 2203 828 2229 ἐκ
838 2202 892 2229 τῶν

948 2209 994 2232 me,
1010 2200 1113 2234 dicens,
1140 2201 1282 2228 secundum
1301 2200 1431 2235 eloquium
1449 2199 1554 2226 tuum"
1567 2208 1573 2226 :
1587 2198 1725 2233 eloquium

109 2247 223 2282 ψαλμῶν
239 2247 442 2282 συμϐουλεύων·
458 2248 560 2282 Ζῆσόν
575 2257 612 2282 με
623 2267 630 2279 ,
647 2247 732 2281 λέγων
744 2267 750 2279 ,
773 2246 847 2273 κατὰ
860 2247 893 2273 τὸ

109 2294 213 2328 λόγιόν
228 2301 295 2320 σου·
314 2294 401 2328 λόγιον
411 2295 439 2322 δὲ
458 2295 540 2321 αὐτοῦ
554 2295 584 2321 τὸ
600 2296 632 2321 ἐκ
645 2295 767 2331 καθαρᾶς
782 2294 894 2329 καρδίας

109 2337 249 2372 λατρεύειν
260 2338 342 2374 αὐτῷ.
360 2338 443 2365 Τοῦτο
455 2339 508 2375 γὰρ
521 2338 597 2370 εἰδὼς
612 2340 626 2365 ό
642 2339 721 2371 αὐτὸς
736 2339 892 2374 Προφήτης,

109 2382 203 2418 ὥσπερ
217 2383 312 2410 ἑαυτὸν
328 2384 523 2420 μεταφράζων,
553 2384 626 2418 λέγει
637 2393 643 2399 ·
659 2383 790 2417 Καρδίαν
803 2385 893 2410 καθα-

108 2429 164 2463 ρὰν
176 2430 283 2456 κτίσον
296 2431 331 2457 ἐν
342 2430 418 2464 ἐμοὶ,
432 2432 448 2456 ὁ
464 2430 534 2463 Θεός
544 2438 551 2445 ο
567 2430 610 2456 ἴνα
625 2430 662 2466 μὴ
677 2429 809 2465 ρυπώδεις
822 2430 894 2463 λογι-

142 2498 166 2514 ⁸³
186 2498 283 2525 Cenes.
300 2507 319 2530 I,
335 2498 379 2525 28.
419 2498 441 2514 "°
461 2498 542 2526 llebr.
558 2507 618 2531 xm,
634 2499 660 2526 4.
699 2499 721 2514 ⁸⁵
741 2498 812 2525 Psal.
831 2507 926 2532 cxvm,

155 2555 199 2589 δῦ)
221 2554 322 2590 Regius
335 2556 442 2587 tertius,
461 2560 575 2590 quartus
595 2560 623 2582 et
643 2555 764 2590 quintus,
779 2555 890 2588 διέξοδοι

108 2590 173 2626 πρὸς
184 2591 216 2626 τὸ
232 2590 286 2617 τῶν
304 2591 333 2616 ὲν
353 2591 458 2625 ἑκάστῳ
479 2590 534 2617 τῶν
556 2592 583 2617 ἐν
596 2592 662 2626 ἡμῖν
678 2591 764 2626 μελῶν
777 2592 870 2626 χυμῶν
883 2600 890 2607 -

108 2599 173 2621 προς
185 2599 216 2617 το
232 2599 286 2617 των
304 2599 333 2616 εν
353 2599 458 2625 εκαστῳ
479 2599 534 2617 των
556 2599 583 2617 εν
596 2599 662 2626 ημιν
698 2599 764 2616 amr;
777 2600 870 2626 χυμων
883 2600 890 2607 ·

107 2623 170 2652 οἷον.
183 2625 252 2652 Ειιίιί
265 2630 291 2652 et
305 2626 414 2660 quidam
428 2627 484 2656 alii,
500 2625 608 2658 διέξοδοι
622 2599 696 2652 me:
706 2626 769 2657 τῶν,
784 2631 847 2657 ete.,
862 2631 892 2653 ut

109 2661 143 2696 in
153 2665 237 2689 textu.
254 2660 311 2687 Mox
326 2662 477 2694 complures
490 2661 676 2696 manuscripti,
687 2661 888 2696 περιττώματα.

108 2695 176 2722 Edili
196 2703 260 2722 vero
276 2704 336 2722 cum
352 2697 421 2727 aliis,
439 2696 607 2731 περίττωμα.

143 2731 198 2763 (67)
219 2731 252 2756 Δέ
267 2731 343 2757 deest
357 2731 382 2757 in
399 2731 478 2758 editis
493 2735 519 2758 ct
533 2731 560 2757 in
575 2731 737 2766 quibusdam
750 2739 886 2759 manuscr.

109 2765 135 2793 In
150 2766 271 2799 pluribus
286 2766 392 2800 legitur.

142 2802 197 2833 (68)
219 2800 318 2835 Regius
331 2802 437 2832 tertius,
454 2800 527 2834 παρὰ
540 2800 585 2827 τοῦ
597 2801 663 2827 Θεοῦ
679 2801 839 2828 πέπλασται.

141 2835 195 2870 (69)
217 2835 275 2863 Duo
294 2836 480 2871 manuscripti,
496 2835 524 2861 ὲν
542 2835 658 2871 πολέμῳ.
677 2835 735 2864 Mox
749 2837 803 2864 duo
827 2846 880 2864 ma-

941 2251 1030 2273 autem
1047 2246 1106 2281 ejus
1126 2246 1190 2273 illud
1204 2251 1263 2278 est,
1288 2249 1317 2272 ut
1338 2253 1370 2272 ex
1386 2253 1454 2280 puro
1471 2244 1552 2272 corde
1573 2243 1724 2271 serviamus

942 2292 991 2318 illi.
1009 2290 1064 2319 lloc
1079 2299 1140 2318 cum
1156 2300 1210 2318 non
1224 2292 1330 2327 ignoret
1343 2292 1400 2326 ipse
1411 2290 1557 2325 Propheta,
1571 2296 1632 2316 sese
1642 2288 1722 2323 quasi

942 2338 1135 2372 interpretatur
1145 2337 1248 2364 dicens;
1260 2337 1311 2364 Cor
1320 2337 1510 2363 mundumrrea
1518 2336 1545 2362 in
1557 2334 1679 2367 me,Deus
1689 2334 1722 2364 ⁸⁸.

942 2393 976 2412 ne
998 2392 1041 2412 me
1065 2385 1189 2413 obscena:
1215 2386 1394 2420 cogitationes
1419 2386 1589 2413 conturbent.
1617 2384 1724 2411 Rursus

942 2431 1000 2464 ipse
1014 2430 1096 2457 David
1111 2440 1116 2457 :
1135 2430 1167 2456 Et
1182 2430 1282 2465 Spiritu
1296 2432 1437 2465 principali
1449 2431 1574 2464 conﬁrma
1587 2438 1626 2457 me
1637 2430 1658 2446 "
1668 2451 1675 2462 ,
1695 2434 1724 2456 ut

943 2499 1004 2526 107.
1042 2499 1065 2515 ⁵⁵
1084 2499 1156 2526 Psal.
1172 2508 1198 2532 ι,
1214 2500 1256 2526 12.
1295 2500 1317 2515 ⁸⁷
1338 2499 1403 2526 ibid.
1424 2499 1465 2526 Η.

943 2557 1085 2591 nuscripti,
1099 2556 1208 2591 ἕννομόν
1225 2565 1264 2582 τε.

978 2592 1033 2627 (70)
1054 2591 1154 2628 omnes
1169 2593 1224 2619 lere
1237 2592 1425 2626 manuscripti,
1434 2591 1649 2628 συγκεχώρηται.
1662 2591 1726 2620 Ειιί-

941 2627 971 2659 li,
990 2627 1186 2662 ἐγκεχώρηται.

977 2661 1033 2696 (71)
1055 2661 1260 2696 Manima'pars
1285 2662 1550 2696 manuscriptornm,
1576 2661 1723 2695 ἐκδέξεται.

941 2696 1022 2725 Ειίὶιὶ.
1039 2697 1150 2729 δέξεται.
1165 2697 1264 2732 Regius
1283 2698 1394 2729 tertius;
1408 2697 1555 2732 ἐκδέχεται.

977 2733 1033 2765 (72)
1053 2732 1153 2768 llegilis
1177 2733 1194 2759 5
1219 2737 1246 2759 et
1261 2733 1288 2763 4,
1305 2733 1351 2759 τὸν
1370 2733 1524 2768 τριάκοντα.
1538 2732 1609 2762 Mox.
1627 2740 1724 2760 manu<

942 2768 1032 2800 scripti
1048 2767 1132 2795 ferme
1144 2775 1250 2798 omnes,
1266 2768 1423 2794 ἁσπάσοιτο.
1439 2767 1520 2798 ΕιΙὶιί,
1537 2768 1701 2797 ἀσπάσαιτο.

977 2803 1030 2839 (75)
1052 2802 1150 2838 Regius
1167 2807 1292 2838 quartus,
1308 2803 1492 2830 ἁποστολικῶν
1511 2802 1634 2840 Γραρῶν.
