1939 3041
120 137 189 165 1177

629 140 794 167 EPISTULA
813 140 858 167 AD
877 140 1023 168 AMUNEM
1043 139 1244 168 MONACHUM.

1671 140 1700 167 Η
1708 140 1740 168 78

119 195 166 220 καὶ
183 194 251 230 μετὰ
269 194 348 220 τοῦτο
371 194 502 229 Ἀριθμοὶ,
526 195 573 222 καὶ
600 195 690 222 λοιπὸν
722 196 753 222 τὸ
776 197 897 232 Δευτερο

955 197 1050 224 mium.
1065 196 1121 224 Hos
1134 196 1281 231 excipiunt,
1308 195 1387 223 Jesus
1414 196 1486 224 ﬁlius
1511 195 1593 229 Nave,
1618 195 1737 224 Judices.

119 242 223 276 νόμιον.
248 241 325 276 Ἑξῆς
335 241 364 267 δὲ
379 241 488 273 ’τούτοις
513 242 586 268 ἐστὶν
604 242 707 277 Ἰησοῦς
727 242 799 269 ὁ’τοῧ
813 243 901 277 Ναυῆ,

120 288 167 314 καὶ
179 288 286 324 Κριταί·
302 287 349 315 καὶ
367 287 434 322 μετὰ
447 287 525 313 τοῦτο
541 287 557 321 ἠ
577 287 665 313 Ῥούθ·
685 287 732 314 καὶ
748 287 827 314 πάλιν
839 287 903 321 ἑξῆς

119 334 266 360 Βασιλειῶν
279 333 399 367 τέσσαρα
419 332 509 368 βιϐλία
522 333 587 368 (82)·
614 332 661 360 καὶ
686 332 787 359 τούτων
809 332 840 358 τὺ
855 333 903 367 μὲν

120 379 228 415 πρῶτον
242 379 286 405 καὶ
302 379 427 414 δεύτερον
437 379 476 410 εἰς
488 378 516 406 ἓν
537 379 637 414 βιϐλίον
649 379 817 414 ἀριθμεῖται·
830 378 861 404 τὸ
875 378 903 404 δὲ

119 425 208 461 τρίτον
221 426 267 452 καὶ
283 426 410 461 τέταρτον
432 425 532 460 ὁμοίως
558 426 598 456 εἰς
619 425 658 452 ἓν.
676 424 753 452 Μετὰ
775 425 803 450 δὲ
817 424 903 451 ταῦτα

119 472 365 507 Παραλειπομένων
391 473 446 506 (85)
466 475 489 498 α’
516 473 562 499 καὶ
580 472 601 507 β’
626 472 726 507 ὁμοίως
748 473 788 504 είς
811 471 840 498 ἓν
864 471 903 507 βι-

120 519 193 545 ϐλίον
219 519 299 546 πάλιν
328 518 524 554 ἀριθμούμενα·
542 516 601 545 εἶτα
625 519 742 554 Ἔσδρας
762 522 785 545 α’
810 518 856 545 καὶ
880 518 902 553 β’

119 566 219 600 ὁμοίως
234 566 273 597 εἰς
285 565 323 591 ἓν.
338 565 414 592 Μετὰ
442 565 470 591 δὲ
487 565 572 592 ταῦτα
589 565 679 600 βίϐλος
703 564 835 598 Ψαλμῶν,
857 564 903 590 καὶ

119 612 182 647 ἑξῆς
209 611 367 647 Παροιμίαι·
394 609 453 638 εἶτα
484 610 713 646 Ἐκκλησιαστὴς,
737 611 783 637 καὶ
807 608 902 645 ᾏσμα

118 658 258 693 ᾀσμάτων.
283 657 354 692 Πρὸς
376 657 479 689 τούτοις
506 657 564 683 ἐστὶ
596 656 642 683 καὶ
666 656 735 687 Ὶὼῦ,
750 656 795 682 καὶ
812 655 902 682 λοιπὸν

119 704 266 738 προφῆται·
278 704 302 730 οἱ
321 703 369 738 μὲν
380 703 483 729 δώδεκα
493 704 531 734 εἰς
543 703 572 729 ἓν
583 702 682 738 βιϐλίον
697 702 900 738 ἀριθμούμενοι·

119 748 178 776 εἶτα
210 749 332 780 Ἡσαΐας,
364 748 514 784 Ἱερεμίας,
543 749 590 775 καὶ
615 749 663 775 σὺν
689 749 763 784 αὐτῷ
784 749 900 783 Βαροὺχ,

118 795 226 830 Θρῆνοι,
248 794 390 830 Ἐπιστολὴ
407 794 472 829 (84),
485 795 532 821 καὶ
545 794 602 830 μετ’
619 794 700 821 αὐτὸν
716 794 844 829 Ἰεζεκιὴλ
856 794 902 820 καὶ

117 841 226 876 Δανιὴλ.
250 841 330 876 ’Ἄχρι
363 840 463 867 τούτων
490 840 523 867 τὰ
550 841 599 876 τῆς
623 841 743 872 Παλαιᾶς
766 840 902 876 Διαοήκης

118 887 235 914 ἵσταται.
262 886 302 913 Τὰ
327 887 355 914 δὲ
385 888 434 923 τῆς
465 888 567 922 Καινῆς
593 887 672 913 πάλιν
701 887 750 913 οὐκ
776 887 902 922 ὀκνητέον

117 933 213 960 εἰπεῖν·
226 933 282 960 ἔστι
302 933 356 968 γὰρ
379 934 477 960 ταῦτα·
492 933 644 968 Εὑαγγέλια
674 933 803 968 τέσσαρα·
832 932 902 959 κατὰ

117 978 268 1008 Ματθαῖον.
281 979 350 1005 κατὰ
365 979 487 1014 Μάρκον,
502 978 572 1005 κατὰ
593 978 708 1010 Λουκᾶν,
723 978 793 1004 κατὰ
813 977 902 1004 Ἰωάν-

116 1033 174 1059 νην.
193 1022 258 1051 Εἶτα
273 1025 340 1060 μετὰ
354 1025 439 1051 ταῦτα
452 1024 507 1058 (85)
527 1024 643 1059 Πράξεις
658 1023 824 1055 ἁποπόλων,
855 1024 902 1049 καὶ

121 1070 275 1098 Ἐπιστολαὶ
307 1071 457 1097 Καθολικαὶ
487 1070 651 1106 καλούμεναι
670 1070 723 1096 τῶν
746 1069 901 1096 ἀποστόλων

116 1117 195 1143 ἑπτά·
221 1117 292 1143 οὕτω
320 1117 368 1152 μὲν
391 1115 517 1142 Ἰακώϐου
546 1119 580 1147 α’,
601 1116 703 1151 Πέτρου
726 1115 754 1142 δὲ
784 1115 816 1150 β’,
842 1113 901 1142 εἶτα

121 1162 244 1189 Ἰωάννου
256 1162 290 1196 γ’,
307 1162 353 1188 κα).
371 1162 439 1197 μετὰ
465 1161 564 1193 ταύτας
592 1161 674 1188 ’ῐούδα
689 1165 723 1187 α’.
754 1161 826 1196 Πρὸς
840 1160 901 1187 τού-

114 1217 172 1240 τοις
185 1207 291 1234 Παύλου
303 1208 451 1234 ἀποστόλου
465 1207 533 1234 εἰσὶν
545 1207 682 1233 ἐπιστολαὶ
693 1207 898 1242 δεκατέσσαρες,

114 1255 147 1289 τῇ
162 1253 237 1286 τάξει
247 1253 418 1288 γραφόμεναι
435 1253 529 1284 οὕτως·
545 1252 640 1288 πρώτη
656 1252 723 1285 πρὸς
739 1252 898 1287 Ῥωμαίους·

115 1299 174 1327 εἶτα
190 1301 258 1335 πρὸς
268 1299 426 1335 Κορινθίους
437 1299 483 1326 δύο
494 1307 501 1314 ·
518 1299 565 1325 καὶ
582 1300 648 1334 μετὰ
665 1299 749 1325 ταῦτα
762 1298 815 1333 (86)
832 1298 899 1333 πρὸς

115 1346 247 1378 Γαλάτας·
272 1346 318 1372 καὶ
350 1345 413 1380 ἑξῆς
449 1346 517 1381 πρὸς
556 1344 712 1380 Ἐφεσίους·
738 1342 797 1370 εἶτα
832 1344 899 1379 πρὸς

113 1392 318 1428 Φιλιππησίους,
334 1392 382 1418 καὶ
405 1392 472 1427 πρὸς
493 1391 668 1423 Κολασσαεῖς·
691 1390 737 1417 καὶ
755 1390 822 1426 μετὰ
835 1390 899 1416 ταύ-

114 1447 162 1470 τας
178 1438 245 1474 πρὸς
259 1437 463 1469 Θεσσαλονικεῖς
474 1437 531 1470 δύο,
551 1437 597 1464 καὶ
614 1438 630 1472 ἡ
656 1437 724 1472 πρὸς
748 1436 896 1472 Ἑϐραίους·

114 1485 161 1511 καὶ
178 1484 256 1516 εὐθὺς
272 1484 338 1520 πρὸς
357 1484 404 1519 μὲν
419 1484 548 1519 Τιμόθεον
557 1484 612 1519 (87)
627 1483 683 1514 δύο,
701 1482 768 1519 πρὸς
780 1483 807 1509 δὲ
819 1482 898 1508 Τίτον

954 246 981 268 rt
1000 247 1092 276 postea
1105 241 1188 269 Ruth.
1202 241 1272 268 llinc
1291 249 1400 268 rursum
1421 240 1576 276 Regnorum
1598 241 1658 268 libri
1670 249 1736 277 qua-

954 291 1014 314 tuor
1030 296 1037 314 :
1053 295 1086 314 ex
1099 286 1197 322 quibus
1221 287 1325 321 primus
1338 290 1365 313 et
1382 286 1518 313 secundus
1550 293 1599 320 pro
1616 295 1670 314 uno
1685 295 1736 313 nn-

954 334 1182 368 tneranturlibro;
1210 334 1307 361 tertius
1322 337 1350 360 et
1369 337 1485 368 quartus
1506 340 1556 368 pro
1571 341 1626 360 uno
1640 333 1737 361 simili-

954 384 1005 406 ter.
1019 379 1084 407 Post
1098 379 1156 407 haec
1173 379 1400 414 Paralipomenon
1423 379 1528 413 primus
1552 383 1579 405 et
1602 379 1737 406 secundus

955 431 1002 458 pro
1018 432 1074 452 uno
1090 425 1189 459 pariter
1200 425 1270 452 libro
1284 429 1440 452 censemur.
1450 423 1519 451 Hinc
1534 424 1625 452 Esdrte
1635 424 1738 459 primus

953 475 980 497 et
1004 471 1157 502 secundus,
1190 479 1240 505 pro
1268 478 1323 497 uno
1355 470 1480 497 similiter
1508 479 1516 497 :
1552 475 1645 503 postea
1671 470 1738 498 liber

953 517 1135 550 Psalmorum,
1151 517 1279 551 deinceps
1290 516 1449 550 Proverbia,
1466 521 1523 544 tum
1548 517 1736 550 Ecclesiastes,

953 568 980 591 et
992 563 1133 591 Canticum
1152 563 1331 590 canticorum.
1347 562 1388 590 Ad
1404 563 1461 590 haec
1484 562 1546 597 Job,
1569 571 1601 591 ac
1612 563 1738 598 deinceps

953 610 1099 646 prophetae,
1115 617 1149 637 ex
1160 609 1260 644 quibus
1269 609 1411 636 duodecim
1428 616 1476 643 pro
1490 617 1545 636 uno
1562 609 1632 636 libro
1643 617 1737 636 nume-

953 662 1057 684 rantur.
1071 655 1141 683 Hinc
1157 655 1253 685 Isaias,
1268 654 1400 682 Jeremias
1420 660 1521 682 etcum
1538 655 1597 690 ipso
1618 655 1735 689 Baruch,

954 702 1183 732 Lamentationes,
1214 700 1332 736 Epistola
1351 709 1359 729 :
1380 706 1473 735 postea
1497 700 1622 728 Ezechiel
1640 705 1666 728 et
1686 701 1737 728 Da-

953 750 1017 777 niel.
1028 748 1164 776 Hactenus
1176 747 1280 776 Veteris
1295 747 1458 776 Testamenti
1472 748 1543 775 libri.
1563 748 1630 790 Novi
1646 753 1735 775 autem

954 795 1119 822 Testamenti
1139 795 1222 822 libros
1243 794 1344 822 referre
1358 802 1391 821 ne
1406 794 1505 828 pigeat.
1521 793 1591 821 Sunt
1606 795 1677 821 enim
1689 795 1715 821 hi
1728 805 1734 820 :

955 841 1098 876 Evangelia
1109 846 1236 876 quatuor,
1246 840 1394 867 secundum
1410 839 1576 872 Matthaeum,
1585 841 1734 867 secundum

919 871 1084 920 l3Marcum,
1104 887 1251 914 secundum
1279 885 1390 919 Lucam,
1417 886 1566 913 secundum
1593 885 1734 913 Joannem.

951 931 1048 959 Postea
1073 931 1139 958 Acta
1169 931 1369 966 apostolorum,
1399 936 1425 958 et
1455 930 1580 966 Epistolte
1619 931 1736 960 Catholi-

953 985 1006 1008 ere,
1027 985 1087 1012 qua:
1111 977 1302 1012 Apostolorum
1323 983 1473 1010 vocantur,
1499 985 1613 1005 numero
1632 983 1735 1013 septem

952 1031 1058 1058 nempe,
1075 1023 1167 1050 Jacobi
1182 1031 1247 1055 una,
1272 1022 1344 1050 Petri
1358 1024 1428 1056 dum,
1458 1022 1569 1051 Joannis
1583 1029 1646 1056 tres,
1660 1024 1737 1052 Judaa

951 1077 1017 1096 una.
1044 1069 1083 1096 Ad
1107 1069 1165 1096 haec
1190 1068 1268 1096 Pauli
1300 1069 1414 1104 apostoli
1440 1069 1645 1104 quatuordecim
1671 1075 1736 1098 sunt

951 1114 1089 1150 Epistolze,
1116 1115 1156 1142 sic
1182 1116 1277 1142 ordine
1303 1115 1464 1150 descriptre:
1494 1115 1593 1150 prima,
1625 1116 1657 1144 ad
1680 1115 1736 1144 Ro-

951 1167 1048 1187 manos
1062 1169 1069 1186 :
1092 1164 1148 1187 tum
1171 1159 1231 1186 dum
1258 1159 1290 1186 ad
1305 1158 1461 1186 Corinthios
1477 1168 1484 1185 ε
1500 1158 1609 1192 dehinc,
1635 1160 1668 1186 ad
1684 1159 1736 1187 Ga-

951 1206 1037 1235 latas:
1053 1209 1159 1241 p‘ostea,
1188 1204 1220 1232 ad
1245 1205 1377 1240 Ephesios
1397 1214 1403 1231 :
1428 1205 1541 1240 deinde,
1563 1206 1604 1245 ad
1633 1206 1736 1241 Philip-

950 1260 1063 1288 penses:
1080 1257 1148 1285 tum,
1179 1252 1211 1278 ad
1236 1251 1437 1279 Colossenses:
1466 1257 1571 1286 postea,
1601 1253 1633 1279 ad
1648 1250 1735 1280 Thes-

950 1298 1135 1326 salonicenscs
1150 1298 1219 1330 duae,
1232 1301 1258 1324 et
1269 1305 1300 1324 ea
1316 1305 1377 1330 quae
1392 1298 1425 1325 ad
1442 1297 1570 1326 Hebraeos
1588 1299 1734 1334 dirigitur:

949 1345 1047 1372 deinde
1061 1345 1094 1372 ad
1115 1343 1288 1371 Timotheum
1306 1344 1389 1372 dum:
1409 1345 1443 1372 ad
1469 1345 1561 1372 Titum
1594 1353 1666 1372 una:
1692 1346 1734 1372 ul~

949 1391 1027 1424 timo,
1045 1390 1078 1418 ad
1093 1390 1278 1417 Philemonem
1298 1397 1352 1417 una
1367 1399 1374 1417 ε
1402 1391 1434 1418 ad
1465 1392 1522 1418 lnec
1536 1391 1649 1419 Joannis
1663 1392 1734 1427 Apo-

949 1437 1074 1473 calypsis.
1093 1436 1126 1463 Hi
1140 1440 1204 1463 sunt
1219 1436 1315 1464 salutis
1328 1437 1428 1470 fontes,
1452 1442 1481 1464 ut
1497 1438 1543 1471 qui
1560 1437 1625 1469 sitit,
1638 1445 1732 1464 eorum

949 1484 1063 1519 eloquiis
1088 1484 1252 1519 impleatur:
1280 1484 1307 1511 in
1338 1484 1381 1511 his
1399 1484 1464 1512 solis
1483 1485 1591 1519 pietatis
1610 1485 1732 1512 doctrina

115 1529 174 1564 μία’
199 1529 245 1556 καὶ
266 1529 406 1555 τελευταία
435 1529 452 1564 ἡ
480 1528 548 1564 πρὸς
576 1529 724 1563 Φιλήμονα·
747 1528 795 1555 καὶ
818 1527 897 1554 πάλιν

950 1530 1070 1557 docetur.
1085 1528 1169 1557 Nemo
1185 1530 1218 1557 iis
1242 1529 1333 1562 addat,
1349 1533 1395 1556 aut.
1407 1529 1508 1564 aliquid
1525 1529 1560 1556 ab
1576 1529 1630 1556 illis
1651 1529 1733 1565 768

119 1574 242 1601 Ἰωάννου
268 1573 460 1608 Ἀποκάλυψις.
481 1573 571 1601 Ταῦτα
584 1574 670 1609 πηγαὶ
687 1573 734 1600 τοῦ
749 1574 893 1609 σωτηρίου,

113 1620 182 1647 ὥστε
200 1620 245 1646 τὸν
261 1620 380 1654 διψῶντα
401 1620 454 1646 τῶν
483 1620 511 1646 ὲν
534 1620 638 1651 τούτοις
656 1619 832 1655 ἐμφορεῖσθαι
851 1619 895 1645 λο-

113 1666 190 1700 γίων·
207 1666 235 1692 ἐν
252 1665 355 1696 τούτοις
373 1665 463 1700 μόνοις
486 1665 517 1691 τὸ
532 1664 582 1699 τῆς
606 1664 744 1696 εὐσεϐείας
768 1664 895 1691 διδασκα-

111 1710 182 1736 λεῖον
205 1709 419 1744 εὐαγγελίζεται.
450 1710 552 1745 Μηδεὶς
576 1709 682 1741 τούτοις
710 1709 894 1741 ὲπιϐαλλέτω,

114 1756 181 1791 μηδὲ
196 1755 296 1782 τούτων
308 1755 476 1791 ἀφαιρείσθω
489 1765 525 1782 τι.
536 1756 603 1791 Περὶ
616 1755 644 1782 δὲ
657 1756 757 1782 τούτων
767 1756 782 1782 ὁ
795 1755 896 1790 Κύριος

112 1801 306 1832 Σαδδουκαίους
322 1802 370 1836 μὲν
388 1800 531 1833 ἐδυσώπει,
556 1801 651 1836 λέγων⁸
681 1800 840 1828 Πλανᾶσθε
851 1801 894 1836 μὴ

111 1847 223 1880 ειδότες
238 1847 290 1880 τὰς
304 1847 436 1881 Γριιράς·
452 1848 508 1879 τοῖς
531 1847 560 1874 δὲ
590 1847 726 1879 Ἰουδαίοις
752 1848 808 1883 (88)
825 1856 895 1884 παρ-

111 1893 180 1929 ῄνει·
217 1893 368 1927 Ἑρευνᾶτε
384 1893 437 1926 τὰς
452 1893 584 1928 Γραράς·
602 1893 645 1920 ὅτι
662 1895 749 1920 αὐταί
772 1895 852 1920 εἰσιν
865 1897 894 1922 αἱ

108 1938 313 1974 μαρτυροῦσαι
341 1939 406 1973 περὶ
436 1939 518 1973 ἐμοῦ.
539 1938 607 1966 Ἀλλ’
624 1939 706 1966 ἓνεκά
730 1949 761 1973 γε
775 1940 894 1972 πλείονος

111 1984 252 2020 ἀκριϐείας
264 1984 428 2020 προστίθημι
443 1985 490 2011 καὶ
505 1984 583 2011 τοῦτο
599 1985 712 2020 γράφων
727 1985 893 2019 ἀναγκαίως,

110 2029 148 2061 ὡς
160 2029 215 2064 (89)
233 2029 273 2055 ὅτι
285 2030 344 2055 ἐστὶ
358 2029 406 2055 καὶ
418 2029 499 2064 ἔτερα
523 2028 613 2064 βιϐλία
626 2028 727 2056 τούτων
743 2029 850 2061 ἔξωθεν·
863 2030 892 2056 οὐ

111 2074 305 2110 κανονιζόμενα
323 2075 383 2110 μὲν,
404 2075 582 2110 τετυπωμένα
596 2075 624 2101 δὲ
637 2075 711 2110 παρὰ
735 2075 790 2101 τῶν
807 2075 893 2101 Πατέ-

112 2129 166 2155 ρων
178 2120 411 2154 ἀναγινώσκεσθαι
439 2122 493 2152 τοῖς
517 2121 578 2155 ἄρτι
605 2121 833 2157 προσερχομένοις
848 2121 894 2148 καὶ

112 2165 285 2200 βουλομένοις
298 2166 351 2199 (90)
372 2166 548 2201 κατηχεῖσθαι
571 2166 615 2192 τον
630 2166 678 2201 τῆς
691 2166 830 2198 εὐσεϐείας
850 2166 893 2192 λό-

110 2219 168 2246 γον·
198 2211 283 2246 Σοιρία
308 2212 495 2247 Σολομῶντος,
526 2211 572 2238 καὶ
598 2212 682 2246 Σοφία
714 2212 814 2248 Σιρὰχ,
847 2206 931 2240 καὶῙ)

116 2257 224 2293 Ἐσθὴρ,
242 2258 289 2284 καὶ
312 2257 414 2290 Ἰουδὶο,
444 2258 491 2285 καὶ
508 2257 606 2289 Τοΰίας
632 2258 698 2292 (91),
726 2258 773 2285 καὶ
795 2258 893 2294 Διδαχὴ

145 2304 165 2320 ¹¹
187 2303 280 2331 Matth.
297 2312 364 2336 χχιι,
380 2304 424 2332 29.
464 2304 485 2320 θ’
499 2303 578 2331 Joan.
595 2312 621 2336 v,
637 2303 681 2330 59.

108 2349 192 2380 τικὺν,
202 2349 333 2385 Ἀριθμοὶ,
349 2351 394 2376 καὶ
409 2349 626 2385 Δευτερονόμιον.
636 2349 712 2384 Ἑξῆς
733 2349 761 2375 δὲ
779 2350 891 2378 τούτων.

109 2385 181 2415 Mox,
197 2393 237 2415 τε,
255 2390 324 2418 post,
334 2384 447 2420 Ἰησοῦς,
459 2384 581 2420 habetur
597 2385 624 2410 in
648 2385 733 2411 tribus
752 2393 890 2413 lnanuscr.

109 2420 138 2447 In
151 2421 257 2446 emteris
269 2425 295 2446 et
312 2421 338 2446 in
356 2420 436 2446 editis
450 2419 629 2446 desideratur.

144 2454 310 2489 (8⁸2).(]0118Χ
323 2463 406 2484 unus,
420 2454 550 2489 τέσσαρες
568 2453 662 2489 βίϐλοι.

143 2483 198 2524 (85)
212 2483 257 2516 Ἱιο
270 2497 365 2516 omnes
377 2483 462 2516 ferme
475 2483 613 2516 "nituisset.
625 2488 693 2515 Editi
706 2497 767 2516 eum
782 2490 892 2524 quibus-

106 2525 168 2552 dam
179 2525 256 2560 aliis,
272 2524 508 2560 Παραλειπόμενα.

142 2559 199 2593 (811)
220 2559 266 2586 Sic
277 2558 399 2593 quinque
412 2558 600 2593 manuscripti,
614 2558 756 2592 pauciores
767 2559 811 2586 alii
829 2567 890 2587 cum

105 2595 196 2626 editis,
214 2595 261 2620 καὶ
282 2594 490 2629 sanescit]me
514 2599 631 2629 quattuor
647 2595 891 2628 manuscripti,‘ls-

106 2629 210 2669 cxiii}.
219 2629 297 2669 _E_lditi
313 2637 374 2669 curn
393 2629 465 2669 aliis,
475 2629 607 2669 ’ἰεξζεκιήλ

142 2665 198 2699 (85)
219 2665 296 2691 Μετὰ
310 2665 395 2691 ταῦτα
410 2666 485 2691 deest
498 2665 522 2691 in
536 2663 698 2697 quibusdam
711 2664 889 2699 manuscript.

105 2699 191 2726 Paulo
217 2699 446 2731 itil‘ra.‘Iaxtb6ou,
462 2700 488 2726 in
511 2699 591 2726 editis
614 2700 717 2726 deerat.
743 2698 814 2732 Mox,
831 2698 890 2727 εἶτα

105 2734 182 2761 deest
197 2734 223 2760 in
238 2735 347 2762 duobus
364 2742 505 2761 manuscr.

141 2769 197 2805 (86)
216 2769 282 2796 Tres
295 2769 482 2803 manuscripti,
495 2769 563 2804 μετὰ
577 2768 686 2800 ταύτας.
699 2767 726 2795 Ιιι
740 2769 888 2805 iisdemque

105 2804 191 2834 infra,
202 2804 271 2839 μετὰ
284 2805 393 2836 ταύτας,
410 2806 495 2831 deost.

141 2838 207 2872 (87)
220 2839 294 2867 Unus
311 2841 404 2870 codex,
421 2840 466 2865 καὶ
559 2838 623 2872 πρὸς
640 2839 778 2872 Τιμόθεον.

142 2875 197 2908 (88)
219 2874 277 2902 Duo
293 2875 480 2909 tnanusctipti,
496 2875 556 2905 τοὺς
566 2875 593 2901 δὲ
611 2874 760 2905 Ὶςυιίαίονς.

948 1575 1081 1603 detrahat.
1101 1575 1137 1603 De
1160 1575 1201 1603 his
1228 1575 1360 1603 Dominus
1376 1575 1538 1602 Sadducmos
1551 1575 1653 1610 pudore
1673 1576 1731 1602 alii-

947 1621 1044 1654 ciebat,
1057 1621 1099 1648 ltis
1112 1621 1204 1648 verbis
1223 1630 1229 1648 :
1255 1620 1359 1648 Erratis
1374 1621 1515 1648 nescientes
1529 1620 1678 1655 Scripturas
1688 1621 1708 1636 “
1723 1630 1731 1648 :

946 1666 1053 1694 Iudaeos
1068 1674 1132 1694 vero
1155 1667 1316 1694 hortabatur
1339 1666 1454 1694 dicens:
1479 1665 1641 1693 Sci-utamini
1659 1666 1731 1694 Scri-

946 1716 1048 1746 pturas,
1075 1712 1137 1746 quia
1157 1711 1211 1738 ἱίίω
1236 1716 1297 1739 sunt
1321 1719 1379 1746 qua
1404 1711 1581 1738 testimonium
1600 1712 1730 1746 perhibent

946 1758 978 1784 de
999 1765 1039 1784 me
1070 1758 1104 1783 θ’.
1129 1757 1181 1784 Sed
1213 1757 1324 1791 majoris
1348 1757 1532 1785 accurationis
1558 1765 1642 1784 causa
1665 1758 1731 1785 illud

945 1811 1054 1839 quoque
1070 1803 1171 1838 scripto
1187 1804 1286 1831 addere
1305 1811 1416 1832 necesse
1429 1804 1508 1836 duxi;
1522 1811 1582 1832 esse
1602 1804 1729 1830 nimirum

945 1851 1014 1878 alios
1025 1850 1110 1878 libros
1126 1856 1223 1885 praeter
1238 1851 1315 1884 istos,
1341 1858 1395 1878 non
1422 1850 1449 1877 in
1466 1858 1598 1877 eanonem
1619 1851 1729 1885 quidem

945 1896 1080 1927 redactos,
1095 1895 1141 1923 sed
1156 1903 1225 1930 quos
1237 1903 1251 1922 a
1267 1895 1392 1923 Patribus
1414 1895 1552 1922 decretum
1570 1899 1622 1928 cst,
1641 1895 1730 1930 legen-

945 1943 994 1970 dos
1006 1942 1084 1969 abiis
1100 1949 1161 1968 esse
1174 1941 1219 1976 qui
1250 1949 1337 1975 nuper
1362 1941 1499 1968 ediscendi
1526 1941 1631 1975 pictatis
1655 1941 1728 1968 verbi

945 1987 1031 2023 gratia
1047 1987 1222 2014 accesserint.
1239 1986 1379 2021 Sapientia
1396 1985 1561 2019 Salomonis,
1578 1992 1605 2013 et
1621 1986 1729 2020 sapien—

946 2034 982 2061 tia
996 2033 1103 2065 Sirach,
1117 2033 1223 2066 Esther,
1236 2032 1341 2064 Juditb.
1356 2031 1467 2065 Tobias,
1483 2032 1622 2065 Doctrina,
1637 2036 1668 2059 ut
1685 2040 1729 2059 vo-

945 2085 1018 2112 cant,
1045 2079 1242 2115 apostolorum,
1266 2083 1293 2106 et
1318 2077 1424 2106 Pastor.
1450 2078 1593 2110 Attamen,
1625 2078 1727 2112 dilecti,

945 2135 1006 2154 eum
1036 2126 1074 2153 illi
1100 2126 1126 2152 in
1147 2132 1281 2153 eanonem
1315 2124 1417 2152 redacti
1441 2125 1512 2157 sint.
1539 2124 1567 2151 hi
1594 2124 1728 2159 legantur,

945 2180 1079 2207 nusquam
1094 2172 1310 2208 apocryphorum
1338 2171 1440 2198 mentio
1459 2170 1575 2198 habetur
1596 2170 1668 2205 (92);
1681 2171 1728 2197 sed

945 2218 963 2244 ii
989 2222 1054 2245 sunt
1080 2217 1269 2244 haereticorum
1299 2221 1499 2248 commentum,
1529 2216 1576 2250 qui
1596 2215 1727 2242 arbitratu

944 2271 994 2290 suo
1022 2262 1107 2290 libros
1135 2261 1329 2295 conscribunt,
1361 2261 1460 2297 quibus
1488 2261 1628 2296 assignant
1659 2265 1727 2288 tem-

991 2352 1035 2386 89)
1061 2352 1104 2384 Ὦς
1122 2352 1148 2379 in
1164 2352 1252 2379 tribus
1264 2351 1456 2386 manuscriptis
1475 2351 1560 2378 deest.

989 2385 1034 2423 90)
1055 2387 1128 2420 Haec,
1144 2387 1191 2414 καὶ
1208 2386 1387 2423 βουλομένοις,
1406 2385 1433 2413 in
1456 2387 1544 2423 tribus
1559 2385 1667 2423 desunt.
1680 2385 1727 2423 in:

943 2421 988 2451 ira
1008 2421 1063 2450 tres
1088 2422 1266 2456 manuscripti
1281 2422 1359 2449 bona:
1376 2426 1456 2454 notae,
1473 2421 1653 2456 Σολομῶντος.
1672 2421 1723 2450 Alii

943 2465 1005 2486 cum
1021 2458 1110 2488 editis,
1128 2457 1293 2492 Σολομῶνος.

976 2492 1034 2528 191)
1054 2492 1120 2528 Tres
1156 2490 1343 2528 manuscripti.
1362 2490 1470 2528 Ἐσθὴρ,
1491 2490 1600 2528 Ἰουδῂθ,
1627 2491 1726 2528 Τοβήτ.

942 2525 1043 2555 ibidem
1061 2527 1087 2554 in
1101 2527 1159 2554 hazc
1176 2527 1267 2558 verba,
1285 2525 1331 2552 καὶ
1355 2525 1453 2561 Διδαχῆ
1480 2526 1532 2552 τῶν
1558 2525 1723 2553 ἀποστόλων.

941 2563 1020 2590 Colb.
1037 2562 1064 2592 Ξ,
1079 2562 1134 2589 [nec
1149 2561 1230 2588 habet
1242 2562 1274 2588 ad
1289 2562 1447 2595 marginem,
1462 2561 1573 2596 Διδαχὴν
1589 2560 1643 2587 τῶν
1657 2561 1724 2586 ἁπο-

942 2598 1042 2624 στόὶων
1057 2596 1178 2630 λέγουσιν
1193 2595 1261 2622 εἶναι
1276 2596 1325 2627 τὰς
1334 2596 1377 2622 διὰ
1390 2595 1436 2622 τοῦ
1446 2595 1600 2630 Κλήμεντος
1613 2596 1726 2630 γραφεί-

943 2642 992 2665 σας
1005 2632 1139 2664 διατάξεις
1150 2630 1376 2662 τῶνὰποστόλων,
1392 2631 1429 2662 ὡς
1445 2631 1461 2665 ἠ
1474 2634 1500 2663 ς’
1515 2630 1645 2666 λεγομένη
1664 2630 1725 2657 σύν-

941 2668 1000 2699 οδος
1013 2666 1246 2700 ἀναγινώσκεσθαι
1259 2666 1288 2691 οὐ
1303 2667 1446 2701 συγχωρεῖ.
1462 2667 1615 2692 Doctrina»:
1632 2670 1723 2692 vocant

941 2701 1133 2737 apostolorum,
1157 2701 1363 2737 Constitutiones
1392 2709 1407 2726 (ι
1425 2701 1555 2737 Clemente
1582 2701 1695 2735 scriptas
1714 2709 1723 2727 :

941 2747 1005 2772 quas
1021 2737 1083 2772 legi,
1104 2745 1135 2763 ca
1158 2744 1216 2772 qua:
1232 2736 1330 2762 dicitur
1354 2741 1426 2762 sexta
1451 2736 1577 2770 synodus,
1591 2744 1640 2762 non
1661 2744 1724 2762 n.3—

941 2773 1018 2800 redit.

978 2807 1032 2841 (9'2)
1059 2806 1119 2834 llrcc
1138 2807 1199 2834 item
1218 2805 1331 2833 Ruﬁnus
1346 2806 1390 2832 lib.
1411 2806 1446 2832 De
1469 2807 1628 2840 t'.l']1t?a‘ilivll£'
1643 2805 1722 2840 Syr.»

941 2843 1002 2869 buli.
