1939 3041
109 135 176 165 1181

691 134 857 163 EPISTOLA
878 137 923 164 AD
942 137 1150 166 LUCIFERUM.

1657 133 1726 160 “8%

106 195 203 230 ιρήμῳ
215 193 376 228 συνδραμεῖν
390 192 438 228 μὲν
453 193 486 228 τῇ
502 191 549 218 τοῦ
563 191 627 218 λαοῦ
642 192 804 228 παραϐάσει·
820 194 889 220 ἀπο-

945 194 1075 227 afferrent,
1092 196 1237 226 Aaronem,
1250 192 1350 227 Moysis
1365 191 1486 222 fratrem.
1506 192 1532 218 in
1549 191 1655 218 deserto
1677 198 1727 226 po-

107 239 201 274 λογίαν
217 238 245 264 δὲ
261 237 416 273 ἐσχηκέναι,
429 238 472 264 ἵνα
487 238 524 273 μὴ
550 239 565 264 ὁ
589 237 652 269 λαὸς
678 239 843 274 ἐπιστρέψας
854 239 891 275 (5)

107 283 147 314 είς
164 282 299 317 Αἴγυπτον
326 282 454 318 ὲπιμείνῃ
481 283 513 317 τῇ
537 282 752 318 εἰδωλολατρείςν
777 284 893 319 καὶγὰρ

107 325 139 363 ἦν
154 327 184 354 τὺ
203 327 362 362 φαινόμενον
375 326 493 360 ὠλογον·
509 327 549 353 ὅτι
567 327 692 362 μένοντες
705 329 734 355 ὲν
749 329 782 364 τῇ
797 329 893 364 ἐρήμῳ

106 369 232 397 δύνανται
246 370 400 396 παύσασθαι
420 371 469 406 τῆς
483 371 618 403 ἀσεὸείας·
631 372 796 404 εἰσελθόντες
811 374 838 400 δὲ
854 375 893 405 εἰς

107 415 252 449 Αἴγυπτον,
282 416 455 451 ἐπετρίϐοντο
485 418 531 443 καὶ
554 417 667 452 ηὔξανον
688 419 716 444 ἐν
736 420 839 450 ἑαυτοῖς
855 418 892 454 (6)

106 460 156 496 τὴν
168 461 306 488 ἀσέϐειαν.
331 461 438 488 Τούτων
463 463 550 488 τοίνυν
577 463 658 490 ἕνεκα
680 464 850 498 συγγνωστὸν
862 464 893 490 τὸ

106 506 174 543 πρὸς
189 506 234 533 τὸν
249 507 348 542 κλῆρον
362 507 466 541 γέγονε·
480 510 536 540 τοῖς
549 509 576 535 δὲ
593 509 755 544 ἀπατηοεῖσι
772 510 818 536 καὶ
831 510 892 544 βίαν

106 552 222 580 παθοῦσι
248 552 397 588 συγγνώμη
425 553 532 580 δίδοται.
557 554 649 582 Ταῦτα
677 555 715 591 (7)
736 555 784 582 καὶ
809 557 841 591 τῇ
858 557 891 591 σῇ

106 598 232 634 εὐσεϐείᾳ
242 598 323 634 δηλῶ,
337 597 455 634 θαρρῶν,
474 599 514 625 ὅτι
529 599 575 625 καὶ
591 600 624 626 τὰ
637 599 748 633 δόξαντα
764 600 892 633 ἀποδέξε-

106 645 151 671 ται
167 653 213 670 σου
229 645 245 679 ἡ
260 644 463 674 θεοσέϐεια,καὶ
478 645 508 671 οὐ
527 646 728 680 καταγνώσεται
740 647 892 682 ἐκεχειρίας

105 689 160 716 τῶν
178 688 357 715 συνελθόντων
373 688 468 720 οὓτως.
495 690 669 723 Καταξίωσον
695 691 724 717 δὲ
739 692 809 718 αὐτὰ
826 692 892 718 ἁνα-

106 735 207 769 γνῶναι
224 735 263 770 τῷ
280 735 405 770 ίερατείῳ
417 736 463 762 καὶ
476 735 515 770 τῷ
530 736 587 771 λαῷ
605 736 644 771 τῷ
661 737 713 765 ὑπὸ
729 738 758 764 σὲ
775 738 823 772 (8),
838 738 890 770 ἵνα,

106 781 153 807 καὶ
166 781 243 806 αὐτοὶ
259 780 448 814 γινώσκοντες,
467 781 503 816 μὴ
520 781 680 816 μέμφωνται
696 782 765 812 οὕτω
781 783 811 808 σὲ
838 783 893 809 δια-

105 825 230 860 κείμενον
244 826 307 860 περὶ
321 826 384 857 τοὺς
397 825 543 858 τοιούτους,
567 827 702 862 Ἀπρεπὲς
725 827 778 862 γὰρ
792 825 825 863 ἦν
842 828 892 863 ἐμὲ

105 871 231 906 γράφειν,
246 871 396 906 δυναμένης
412 872 460 907 τῆς
476 873 524 907 σῆς
534 873 675 905 εὐλαὸείας
692 875 737 900 καὶ
751 874 798 910 τὴν
813 875 889 910 ἡμῶν

106 917 170 951 περὶ
183 917 279 948 αὐτοὺς
289 917 406 944 διάθεσιν
421 918 596 952 ἀπαγγεῖλαι,
610 920 656 946 καὶ
685 920 771 947 πάντα
790 921 823 947 τὰ
837 921 891 947 λεί-

105 972 191 990 ποντα
222 964 432 1000 ἀποπληρῶσαι.
460 965 547 1000 Χάρις
573 965 611 1000 τῷ
637 965 732 1001 Κυρίῳ
754 966 792 1001 τῷ
821 966 889 1002 πλη-

108 1009 224 1044 ρώσαντί
239 1018 268 1036 σε
284 1010 313 1036 ὲν
332 1011 413 1037 παντὶ
425 1010 496 1046 λόγῳ
516 1011 563 1037 καὶ
579 1011 653 1048 πάσῃ
670 1012 778 1046 γνώσει.
795 1013 826 1038 Οἱ
842 1013 890 1047 μὲν

106 1053 153 1082 οὖν
165 1055 357 1090 μετανοοῦντες
373 1057 496 1092 φανερῶς
510 1057 780 1092 ἀναθεματιζέτωσαν
794 1058 891 1093 ὀνομά-

106 1100 198 1132 ζοντες
212 1101 337 1134 Εὑδοξίου
355 1102 402 1128 καὶ
416 1102 535 1134 Εὑζωῖου
548 1102 596 1138 τὴν
609 1103 766 1136 κακοδοξίαν
780 1104 828 1138 (9).
840 1103 892 1130 Αὑ-

106 1147 148 1172 τοὶ
158 1146 212 1181 γὰρ
224 1146 315 1173 λοιπὸν
333 1146 553 1182 βλασφημοῦντες
566 1168 573 1179 ,
606 1148 685 1174 αὑτὸν
711 1149 812 1183 κτίσμα
841 1150 892 1175 ὰπ-

105 1192 262 1227 εγράψαντο
283 1193 331 1228 τῆς
350 1193 487 1228 Ἀρειανῆς
502 1194 632 1229 αἱρέσεως
641 1195 798 1230 προστάται.
814 1194 892 1230 Ὁμο-

108 1237 271 1271 λογειτωσαν
297 1238 325 1264 δὲ
350 1239 397 1274 τὴν
425 1239 454 1264 ὲν
465 1238 566 1273 Νικαίᾳ
593 1238 668 1274 παρὰ
691 1238 743 1265 ’τῶν
764 1239 892 1274 Πατέρων

105 1283 315 1318 ὁμολογηθεῖσαν
332 1283 430 1314 πίστιν,
458 1284 504 1310 καὶ
535 1283 665 1319 μηδεμίαν
689 1284 770 1320 ἄλλην
786 1284 891 1312 σύνοδον

108 1329 264 1366 προκρίνειν
279 1329 378 1365 ταύτης
390 1329 438 1364 τῆς
457 1329 574 1356 συνόδου.
600 1330 735 1364 Πρόσειπε
750 1331 798 1366 τὴν
812 1331 888 1366 παρὰ

109 1373 151 1399 σοὶ
174 1374 354 1409 ἀδελφότητα·
379 1373 407 1400 σὲ
431 1374 447 1409 ἡ
470 1374 518 1400 σὺν
544 1374 609 1409 ἡμῖν
632 1374 661 1399 ὲν
686 1373 780 1409 Κυρίῳ
803 1383 890 1410 προσ-

108 1418 244 1454 αγορεύει,

144 1514 181 1549 (5)
200 1513 259 1541 Duo
271 1514 460 1549 manuscripti,
475 1515 650 1550 ἐπιστρέψας,
665 1518 747 1542 recte.
763 1514 834 1542 Editi
847 1523 891 1543 ve—

111 1556 143 1577 ro
156 1553 183 1576 et
202 1550 258 1584 alii,
275 1549 455 1584 ὑποστρέψας.

145 1585 182 1616 (ti)
203 1583 376 1618 Manuscripti
397 1592 463 1618 perte
479 1592 585 1615 omnes.
604 1585 632 1611 ὲν
647 1585 747 1617 αὐτοῖς.

144 1619 183 1654 (7)
204 1618 304 1646 Nic.th
322 1622 428 1654 synod.,
443 1620 604 1654 συγγνώμην
618 1620 726 1647 διδόναι.
739 1619 831 1647 Ταῦτα
845 1621 892 1647 καὶ

943 241 999 275 puli
1011 239 1226 275 prazvaricationi
1240 239 1413 266 concurrisse
1429 248 1435 265 ι
1449 237 1530 273 769
1552 237 1623 265 hanc
1635 243 1725 264 tatnen

943 286 1146 313 excusationem
1179 285 1317 317 habuisse,
1354 292 1388 311 ne
1421 284 1539 319 populus
1565 284 1668 310 scilicet
1699 283 1725 309 in

944 330 1088 366 Egyptuni
1101 338 1227 358 reversus
1242 330 1269 357 in
1283 330 1433 357 idololatria
1450 333 1620 364 permaneret
1637 338 1644 355 :
1663 336 1725 355 nam

943 377 969 404 id
987 377 1084 404 rationi
1097 371 1169 403 ce'rte
1185 380 1399 404 consentaneum
1418 374 1577 407 videbatur;
1592 374 1724 408 siquidem

943 420 970 446 in
987 420 1094 447 deserto
1125 424 1284 453 manentes,
1318 423 1445 454 poterant
1473 419 1620 453 impietatis
1644 419 1725 445 linem

942 464 1040 497 facere,
1053 464 1095 491 sin
1110 469 1200 491 autem
1215 465 1241 490 in
1260 463 1406 499 [Egyptum
1432 463 1545 497 ingrcssi
1557 462 1681 493 fuissent,
1697 461 1725 488 in

943 511 1079 545 impietate
1097 510 1196 537 versati
1210 510 1336 544 auctique
1353 509 1479 536 fuissent.
1509 508 1677 542 Quapropter
1691 507 1725 536 ad

942 555 1043 582 clerum
1060 554 1162 581 reditus
1174 554 1226 581 illis
1239 561 1385 582 concessus
1397 558 1456 585 est;
1480 553 1514 579 iis
1536 553 1607 579 cnim
1622 552 1668 587 qui
1682 553 1726 578 tle-

942 600 1010 635 cepti
1028 604 1054 628 et
1067 600 1121 626 vim
1138 599 1211 634 passi
1240 605 1304 626 sunt
1333 599 1412 626 venia
1428 597 1514 633 facile
1543 598 1635 625 datur.
1663 596 1727 625 Hac

942 650 995 674 tuae
1006 652 1114 680 quoque
1133 645 1227 679 pietati
1248 644 1383 679 significo,
1400 644 1552 675 conlidens,
1570 648 1643 670 tuam
1663 644 1728 670 reli-

942 692 1048 727 gionem
1064 699 1125 726 quae
1142 691 1250 718 decreta
1274 695 1338 718 sunt
1355 695 1553 725 suscepturam,
1568 698 1617 717 nec
1629 689 1726 717 lenita-

943 744 995 766 tem
1009 746 1101 766 eorum
1120 739 1166 773 qtti
1177 745 1328 765 convenere
1341 738 1543 765 damnaturam.
1564 737 1624 765 llaec
1637 737 1727 772 legero

942 784 1061 819 digneris
1073 784 1158 810 sacris
1174 783 1307 810 ministris
1331 787 1356 810 et
1374 783 1472 817 populo
1489 783 1535 817 qui
1554 783 1601 809 tibi
1616 782 1724 814 subest;

942 833 972 856 ut
987 833 1014 856 et
1026 829 1076 863 ipsi
1090 828 1131 856 his
1147 828 1303 863 compertis,
1322 832 1346 854 te
1374 829 1445 855 circa
1464 828 1524 855 illos
1546 829 1581 855 ita
1601 827 1725 854 allectum

943 882 996 902 non
1013 879 1169 909 coarguant.
1190 874 1245 901 Abs
1257 881 1286 900 re
1299 874 1371 900 cnim
1385 879 1456 901 esset
1471 881 1514 900 mc
1525 873 1652 906 scribere,
1664 880 1725 900 cum

943 925 989 948 tua
1004 920 1089 955 pietas
1107 920 1202 954 possit.
1221 924 1247 947 et
1274 924 1397 947 nostrum
1421 927 1485 954 erga
1511 919 1572 946 illos
1601 918 1725 946 affectum

944 966 1078 997 nuntiare,
1093 972 1118 993 et
1134 966 1224 993 omnia
1237 973 1297 1000 quae
1311 964 1410 992 desunt
1436 965 1558 999 implere.
1574 964 1666 992 Gratia
1678 964 1728 992 Do-

944 1012 1029 1044 mino,
1046 1012 1092 1047 qui
1105 1012 1224 1047 implevit
1237 1017 1262 1038 te
1276 1012 1350 1038 omni
1366 1012 1449 1038 verbo
1461 1016 1487 1038 ct
1509 1011 1583 1038 omni
1602 1011 1726 1039 scientia.

945 1058 996 1092 Qui
1011 1058 1101 1093 itaque
1119 1058 1305 1092 paenitentiam
1326 1061 1420 1092 agunt,
1446 1057 1620 1084 anathemate
1650 1057 1728 1084 dam-

945 1108 1020 1134 nent,
1033 1109 1162 1137 expresso
1178 1095 1300 1135 nomine,
1322 1110 1433 1136 pravam
1460 1102 1556 1129 Euzoii
1570 1107 1596 1129 et
1613 1101 1726 1130 Eudoxii

945 1149 1106 1176 doctrinam.
1121 1148 1160 1176 Illi
1185 1149 1257 1176 enim
1283 1148 1391 1176 Ariana:
1408 1149 1544 1176 haereseos
1566 1150 1684 1184 patroni,
1698 1149 1726 1175 in

944 1195 1084 1222 Christum
1116 1195 1336 1230 blasphemantcs
1373 1199 1527 1221 creaturam
1570 1202 1632 1222 eum
1667 1202 1728 1222 esse

945 1241 1123 1275 scripserunt.
1148 1240 1334 1268 Confiteautur
1359 1248 1467 1275 quoque
1496 1239 1575 1267 fidem
1602 1239 1697 1267 Nicaea:
1712 1250 1728 1268 a

944 1285 1070 1313 Patribus
1094 1286 1275 1319 declaratam,
1305 1290 1332 1313 et
1355 1286 1458 1313 nullam
1488 1286 1568 1313 aliam
1594 1286 1727 1321 synodum

946 1331 1008 1359 huic
1041 1336 1216 1367 anteponant.
1254 1331 1346 1358 Saluta
1384 1331 1482 1358 fratres
1511 1331 1556 1366 qui
1598 1331 1668 1366 apud
1702 1337 1728 1358 tc

945 1382 1024 1409 sunt;
1049 1378 1096 1412 qui
1128 1378 1199 1413 apud
1224 1385 1267 1404 tne
1292 1377 1403 1412 degunt,
1433 1383 1458 1404 te
1484 1377 1510 1404 in
1542 1377 1657 1405 Domino
1683 1385 1728 1405 sa-

944 1423 1040 1450 Iutant.

947 1512 1004 1540 σοῦ.
1013 1512 1084 1539 Infra
1101 1512 1142 1544 σέ,
1153 1515 1215 1540 ante
1228 1511 1408 1547 διακείμενον,
1418 1511 1491 1538 deest
1506 1511 1532 1538 in
1544 1511 1729 1546 compluribus

905 1543 926 1572 C
942 1548 1146 1581 manuscriptis,

978 1583 1014 1615 (9)
1037 1583 1137 1618 Regius
1151 1581 1279 1618 quintus,
1297 1582 1439 1614 κακόδοξον
1465 1582 1586 1618 γνώμην.
1607 1581 1683 1609 Coll).
1703 1582 1728 1615 1,

942 1617 1131 1645 κακοπιστίαν.
1151 1617 1221 1648 Μυχ,
1245 1617 1335 1644 λοιπόν
1353 1618 1428 1644 tlcest
1446 1617 1472 1644 iu
1491 1623 1606 1652 qualum"
1633 1625 1730 1645 manu-

110 1652 248 1691 ἔν’Ῥῴμῃ
263 1652 379 1691 ὲγράᾡη,
398 1655 445 1691 καὶ
467 1652 613 1691 ᾇπεδέξατο
632 1656 647 1689 ἡ
671 1655 811 1690 Ῥωμαίων
835 1656 892 1682 Ἐκ-

945 1653 1068 1691 εει-ἰριιςιζ
1085 1652 1250 1691 Mox_tlolb.
1278 1653 1305 1683 2,
1330 1653 1524 1691 agamagam
1540 1652 1664 1691 tantoa;
1680 1653 1730 1688 τῆς

109 1687 224 1724 κλησία·
236 1687 343 1720 "milia,
354 1687 405 1717 etc.
423 1689 522 1716 Ibidem
538 1697 632 1716 omnes
643 1687 715 1720 pene
726 1687 891 1723 'manuscr.,

947 1687 1089 1724 ’ᾼρειανῆς
1104 1687 1234 1724 αίρέσεῳς
1249 1687 1412 1723 προστάτας.
1433 1687 1520 1724 Editi,
1535 1688 1731 1722 ἀπεγράψαντο

110 1722 248 1759 εὐλαϐείᾳ.
264 1725 333 1751 Editi
362 1731 388 1752 et
414 1725 470 1756 alii,
486 1724 620 1759 εὐσεϐείᾳ.
643 1723 726 1751 Paulo
742 1730 811 1758 post,
840 1730 892 1753 tres

945 1722 991 1759 τῆς
1006 1722 1147 1757 Ἀρειανῆς
1159 1722 1291 1759 αἱρέσεως
1303 1723 1464 1757 προστάται.
1481 1723 1532 1749 Alii
1552 1723 1729 1759 ttiatittscripti

944 1763 974 1784 ut
987 1758 1011 1793 in
1024 1762 1097 1784 textu
1109 1757 1302 1793 :Vunusliahet,
1318 1758 1439 1788 ἑαυτοὺς,
1449 1757 1656 1793 τῆςᾺρειανῆς.
1670 1757 1731 1784 Mox

945 1792 1018 1824 editi,
1037 1793 1083 1819 καὶ
1095 1792 1144 1827 τὴν
1158 1793 1186 1818 ἐν
1200 1791 1311 1827 Nimia.
1330 1793 1461 1827 particula
1477 1791 1525 1819 καί
1539 1791 1616 1820 deest
1631 1793 1657 1819 in
1672 1800 1732 1819 om-

945 1827 1025 1854 nibus
1041 1835 1108 1862 pene
1126 1828 1328 1861 manuscriptis.

110 1759 205 1794 optimi
229 1760 415 1794 manuscripti,
440 1760 600 1794 ἐκεχειρίας.
622 1759 691 1785 Editi
715 1768 778 1786 vero
794 1767 819 1786 ct
834 1761 890 1794 alii,

110 1793 270 1828 ἐκεχειρίαν.
284 1793 345 1822 Mox
360 1793 413 1822 duo
429 1793 615 1828 mantistiripti,
627 1794 712 1820 ταῦτα
727 1795 889 1828 ἀναγνῶναι.

147 1829 184 1863 (8)
203 1829 242 1856 ita
257 1836 352 1857 omnes
366 1837 433 1865 pene
447 1830 634 1864 manuscripti.
659 1829 729 1856 Editi
745 1838 819 1862 vero,
839 1830 891 1856 ὑπὸ

295 2013 483 2044 MONITUM
509 2014 546 2043 ΙΝ
578 2013 679 2043 DUAS
705 2013 886 2050 SEQUENT

955 2014 1008 2044 AD
1040 2012 1269 2044 LUCIFERUM
1301 2011 1494 2042 EPISTOLA
1501 2012 1531 2042 S.

148 2162 230 2197 770
246 2161 329 2189 Binas
345 2160 528 2196 subjungimus
542 2161 666 2196 epistolas
678 2161 712 2188 ad
729 2161 882 2196 Luciferum
902 2163 996 2189 missas
1017 2163 1044 2189 in
1059 2162 1122 2189 edit.
1136 2161 1241 2189 Corum.
1258 2169 1344 2193 casas,
1360 2168 1417 2195 quw
1434 2158 1529 2185 Latine
1547 2163 1648 2184 tantum
1663 2157 1732 2183 inter
1775 2168 1778 2173 ·

111 2208 231 2242 Luciferi
246 2208 345 2241 scripta
357 2211 496 2240 supersunt
510 2213 518 2232 :
534 2215 579 2233 nec
593 2211 694 2233 constat
714 2212 802 2233 utrum
820 2207 915 2234 Latine
938 2208 1051 2241 primum
1064 2208 1219 2239 conscripta:
1233 2206 1264 2232 ab
1281 2206 1424 2232 Athanasio
1442 2206 1505 2237 sint,
1525 2213 1558 2230 an
1574 2208 1662 2237 postea
1677 2202 1732 2229 La-

113 2257 168 2283 tine
183 2254 215 2282 ab
228 2255 316 2289 aliquo
331 2253 481 2281 translattc.
505 2253 584 2280 Prior
598 2254 662 2281 data
683 2255 785 2281 videtur
800 2254 879 2289 paulo
894 2259 951 2289 post
973 2254 1091 2289 Luciferi
1111 2254 1244 2286 exsilium,
1256 2253 1323 2288 quod
1345 2260 1412 2279 anno
1428 2251 1536 2286 contigit
1627 2249 1733 2276 Laudat

111 2305 181 2332 enim
198 2303 350 2338 Luciferum
363 2311 378 2329 a
391 2303 517 2337 ﬁrmitate
532 2303 624 2332 animi,
638 2302 763 2336 illumque
777 2303 933 2337 confessoris
949 2302 1026 2328 titulo
1042 2307 1162 2328 exornat.
1179 2301 1282 2333 Altera,
1297 2305 1326 2327 ut
1342 2305 1427 2326 monet
1440 2289 1547 2334 quidam
1568 2297 1732 2328 scholiastes,

112 2350 212 2384 scripta
230 2349 282 2384 fuit
295 2354 433 2384 postquam
447 2350 609 2376 Athanasius
623 2350 703 2376 libros
719 2351 870 2384 accepisset,
887 2359 950 2386 quos
966 2351 1000 2377 ad
1014 2350 1096 2384 ipsius
1120 2350 1261 2377 Athanasii
1276 2349 1450 2384 defensionem
1464 2347 1618 2376 Constantio
1632 2355 1733 2372 nuncu-

110 2399 182 2433 pauit
198 2397 320 2431 misitque
332 2395 450 2431 Lucifer.
468 2396 519 2423 llic
536 2403 646 2424 recenset
659 2397 822 2423 Athanasius
838 2396 910 2423 mala
925 2397 952 2423 in
965 2397 1145 2431 persecutione
1157 2396 1317 2422 Arianorum
1335 2395 1412 2422 illata
1424 2394 1525 2420 clericis
1536 2414 1542 2425 ,
1557 2400 1655 2419 necnon
1677 2400 1733 2418 mo-

112 2444 218 2474 naehis,
235 2442 347 2477 aliisque
361 2442 525 2469 orthodoxis.
541 2443 624 2477 Atque
636 2442 729 2469 iterant
744 2442 907 2468 commendat
927 2441 1079 2476 Luciferum
1091 2450 1106 2468 a
1120 2441 1269 2468 constantia
1288 2440 1440 2476 dicendique
1458 2440 1588 2466 libertate.
1606 2438 1652 2465 Est
1672 2446 1735 2465 sane

112 2495 225 2522 utraque
235 2488 345 2523 epistola
361 2489 506 2516 Athanasio
523 2489 618 2523 Magno
630 2489 799 2524 dignissima.

149 2546 262 2573 Donuno
292 2545 462 2572 dilectissimo
490 2545 568 2580 fratri
586 2544 708 2579 Lucifero
732 2544 851 2579 episcopo
875 2549 900 2572 et
917 2543 938 2572 D
953 2544 1068 2580 τιιπηίιιξε
1084 2536 1206 2563 omnium
1221 2535 1351 2562 certiores
1363 2541 1413 2561 ηδε
1423 2533 1527 2580 enim“?
1540 2530 1736 2580 qigl‘ell'f:V(*'

114 2591 270 2626 confessori,
286 2591 446 2618 Athanasius
460 2577 614 2617 ittVDomino
631 2577 823 2624 salutcmtto),
952 2584 994 2611 bis
1011 2577 1127 2618 namque.
1138 2581 1342 2609 confessoribus
1362 2588 1394 2607 ac
1408 2579 1494 2606 servis
1509 2578 1556 2605 Dei
1569 2577 1735 2606 viventibus.

153 2637 207 2664 Deo
232 2637 349 2668 favente,
371 2644 484 2671 corpore
508 2637 644 2667 valentes.
670 2635 795 2662 misimus
816 2635 898 2662 etiam

112 2691 190 2713 nunc
204 2683 398 2711 charissimum
412 2687 534 2710 nostrum
551 2683 724 2718 Eutychetem
743 2681 898 2714 diaconem,

117 2734 147 2757 ut
172 2734 218 2757 tua
239 2737 347 2765 quoque
369 2729 495 2765 religiosa
518 2729 657 2760 sanctitas,
670 2729 741 2762 quod
762 2732 803 2755 est
818 2728 897 2755 nobis

115 2775 264 2812 optandum
277 2780 304 2803 ct
313 2775 500 2803 desiderabile.
517 2775 549 2802 de
563 2780 606 2801 tua
624 2774 820 2806 incolumitate,
836 2779 898 2802 tuo-

152 2831 208 2865 (10)
229 2831 334 2866 Scripta
346 2838 417 2858 anno
434 2831 539 2862 circiter
554 2831 616 2865 3150,
634 2835 662 2859 ut
675 2835 702 2858 et
715 2837 843 2865 sequens.

952 2630 1088 2658 crediturus
1113 2634 1211 2656 statum
1233 2627 1373 2655 catholica
1395 2625 1524 2653 Ecclesia:
1549 2624 1690 2655 renovari,
1708 2627 1736 2650 et

951 2677 1023 2712 quod
1038 2675 1155 2703 heretici
1168 2674 1345 2702 conscindere
1367 2675 1557 2703 tcntaverunt;
1576 2671 1627 2697 hoc
1642 2669 1734 2696 Domi-

952 2731 1017 2750 num
1036 2726 1157 2749 nostrum
1174 2720 1267 2748 Jesum
1279 2719 1420 2746 Christum
1433 2726 1481 2752 per
1491 2724 1539 2744 vos
1550 2716 1583 2743 ad
1599 2716 1731 2749 integrum

952 2767 1104 2796 restituere.
1119 2765 1280 2801 Quanquam
1295 2764 1365 2792 enim
1378 2769 1559 2799 praecursores
1574 2758 1736 2787 Antichristi
