1939 3041
245 152 316 181 1185

543 149 574 176 S.
594 145 781 174 ATHANASll
797 144 873 172 OPP.
895 142 985 170 PARS
1004 141 1025 168 1.
1047 155 1080 160 —
1098 137 1282 167 HISTORICA
1302 138 1346 165 ET
1366 135 1575 166 DOGMATICA.

1792 137 1847 164 1181

246 218 294 245 per
308 211 454 243 potentiam
478 205 560 238 hujus
576 203 670 230 mundi
691 201 783 229 omnia
803 199 919 236 egerint,
937 202 968 225 ut
984 205 1032 224 ex-
1047 197 1069 224 Δ
1084 194 1244 230 pravitatis:
1264 194 1315 222 hoc
1332 202 1383 222 suo
1403 200 1520 221 arenoso
1543 192 1719 220 fundamento
1731 193 1849 220 mdilicant

246 257 415 290 sttnguerent
429 251 568 278 lucernam
583 249 714 281 veritatis,
733 252 823 274 tamen
836 245 966 273 divinitas
985 250 1032 278 per

246 304 364 327 vestram
382 295 593 325 confessionum
606 294 750 321 clariorem
763 292 824 328 ejus
839 292 927 319 lucem
942 294 1033 317 osten-

246 345 296 376 dit,
312 347 342 370 ut
357 342 495 370 neminem
513 341 597 367 latere
609 339 696 375 possit
708 345 804 366 eorum
820 336 936 364 fallacia.
950 334 1033 362 Ante-

247 390 298 416 hac
310 388 351 416 vel
366 387 496 415 simulare
511 390 654 421 poterant,
668 392 742 412 nunc
763 381 923 410 Antichristi
946 381 1033 408 nomi-

248 439 359 462 nantur.
376 433 443 466 Quis
457 433 530 460 enim
546 439 600 459 non
614 429 839 464 exsccretur,qui
851 435 945 456 eorum
959 434 1034 454 com-

248 480 405 508 munionem
418 483 548 513 tanquam
567 476 714 507 maculam,
730 483 762 502 ac
779 475 855 501 virus
870 473 966 508 anguis
980 480 1034 499 non

248 527 352 563 fugiat?
362 525 458 553 Omnis
474 525 574 559 ubique
598 523 718 550 Ecclesia
730 522 813 556 luget,
830 521 920 548 omnis
939 519 1035 546 civitas

249 573 342 609 gemit,
355 579 434 599 senes
451 570 572 605 episcopi
596 569 623 596 in
640 568 738 596 exsilio
755 567 889 599 laborant,
903 571 930 593 et
951 565 1036 592 haere-

250 620 296 647 tici
321 618 504 650 dissimulant,
519 617 565 651 qui
583 616 647 643 dum
668 618 767 649 negant
782 613 932 643 Christum,
950 610 1036 646 publi-

249 673 334 694 canos
347 673 376 692 se
391 663 539 691 cﬁ‘ecerunt
561 662 687 689 sedentes
700 661 726 687 in
742 659 875 690 ecclesiis,
889 662 915 686 et
927 657 1033 692 exigen-

250 717 290 739 tes
302 710 452 745 vectigalia.
467 708 490 736 Ο
500 715 598 735 novum
615 714 699 742 genus
716 706 855 733 hominum
871 708 897 732 et
910 711 1038 740 persecu-

250 757 343 789 tionis,
358 757 430 792 quod
456 755 595 782 atlinvenit
616 753 752 785 diabolus,
767 757 797 779 ut
819 751 885 787 ipsis
905 750 1038 778 ministris

252 804 286 831 ad
300 802 524 831 malefaciendum
536 805 647 829 ettanta
662 799 823 827 crudelitate
834 798 970 825 uteretur!
985 797 1038 824 Sed

251 850 303 878 etsi
323 850 380 877 haec
398 854 471 876 tanta
492 851 586 883 agunt,
602 851 629 874 et
651 846 793 881 superbius
809 849 836 872 et
856 844 1039 879 blasphemias

251 897 441 928 extenderunt,
454 893 592 923 confessio
607 898 696 921 tamen
708 897 735 920 et
747 891 851 927 religio,
867 895 894 918 et
905 890 1037 925 sapientia

251 947 353 976 vestra,
367 950 422 969 non
449 941 598 971 modicum,
611 939 658 966 sed
686 938 836 965 maximum
859 936 988 964 solatium
1012 939 1039 961 et

252 997 351 1025 magna
366 987 519 1016 consolatio
530 991 571 1014 est
584 984 758 1012 fraternitati.
774 983 902 1011 Pervenit
915 981 987 1009 enim
1006 981 1038 1007 ad

252 1043 303 1064 nos
323 1035 467 1070 scripsisse
485 1033 656 1060 sanctitatem
683 1035 757 1058 tuam
770 1029 893 1065 Augusto
906 1028 1040 1057 Constan-

253 1082 302 1115 tio,
321 1086 348 1109 et
368 1080 455 1116 magis
481 1079 623 1114 magisque
650 1079 793 1108 miramur,
805 1075 869 1111 quia
894 1074 921 1101 in
949 1073 1040 1100 medio

252 1133 384 1163 tanquam
398 1126 573 1161 scorpionum
595 1125 732 1155 habitans,
748 1122 831 1149 animi
851 1126 941 1148 tamen
956 1119 1039 1145 liber-

253 1180 309 1203 tate
325 1175 420 1207 ntcris,
435 1179 464 1200 ut
478 1173 519 1199 vel
532 1171 679 1204 monendo,
691 1171 731 1198 vel
743 1168 876 1200 docendo,
894 1167 935 1194 vel
945 1173 1039 1194 emen-

253 1221 354 1253 dando,
368 1224 491 1247 errantes
512 1218 543 1245 ad
565 1217 656 1244 lumen
678 1215 799 1243 veritatis
817 1214 947 1241 adducas.
964 1211 1040 1246 Rogo

254 1269 347 1303 igitur,
362 1272 459 1302 rugam
473 1273 579 1293 mecum
601 1265 682 1292 etiam
702 1270 798 1290 omnes
813 1260 997 1290 confessores,
1011 1263 1041 1286 ut

254 1313 375 1348 digneris
391 1312 469 1339 nobis
486 1310 640 1345 exemplum
656 1309 802 1339 destinare,
824 1311 853 1334 ut
866 1314 920 1333 non
935 1309 1040 1332 tantum

255 1360 362 1393 auditu,
375 1359 422 1387 sed
440 1358 522 1386 etiam
538 1365 571 1384 ex
582 1357 680 1384 litteris
697 1356 803 1390 possint
819 1353 972 1388 perspicere
982 1359 1040 1379 οιιι-

255 1413 304 1432 nes
323 1404 421 1432 animm
434 1409 488 1431 tua:
506 1403 633 1430 virtutem
646 1402 761 1436 ﬁdeique
774 1399 900 1427 ﬁduciam
917 1403 945 1426 et
961 1397 1041 1424 liber-

255 1456 349 1479 tatem.
364 1450 488 1478 Salutant
503 1449 673 1477 sanctitatem
690 1452 765 1475 tuam
781 1447 828 1482 qui
841 1452 947 1473 mecum
966 1448 1039 1471 sunt.

256 1499 350 1525 Saluto
361 1503 457 1524 omnes
473 1495 520 1530 qui
533 1499 621 1522 tecum
644 1497 717 1522 sunt.
739 1492 870 1519 Divinitas
892 1496 918 1518 te
936 1489 1041 1518 incolu-

255 1553 337 1577 mem,
357 1547 498 1579 vegetum,
519 1548 723 1576 memoremque
741 1539 826 1567 nostri
842 1545 948 1573 semper
961 1541 1039 1564 tuea-
1053 1542 1074 1571 ο

256 1596 311 1623 tur,
328 1589 439 1617 domine
452 1587 639 1620 dilectissime,
654 1594 686 1614 ac
700 1593 764 1614 vere
779 1585 860 1612 homo
876 1583 934 1611 Dei.

291 1642 340 1672 llis
355 1644 474 1679 acceptis
493 1642 604 1676 litteris,
617 1642 714 1670 beatus
730 1640 839 1669 Lucifer
867 1640 941 1667 misit
957 1639 1042 1666 libros

256 1699 326 1726 quos
341 1691 375 1718 ad
386 1691 576 1718 Constantium
593 1690 756 1724 scripserat;
770 1696 840 1723 quos
855 1695 917 1715 cum
933 1686 1044 1722 legisset

256 1736 433 1769 Athanasius,
447 1736 519 1764 hanc
535 1735 603 1763 infra
624 1734 765 1770 epistolam
780 1733 863 1762 misit.

292 1802 406 1829 Domino
425 1802 625 1837 gloriosissimo,
642 1810 672 1828 ac
691 1801 784 1828 merito
808 1799 1042 1831 desideratissimo,

257 1849 406 1883 coepiscopo
420 1848 553 1884 Lucifero,
569 1848 731 1877 Athanasius
751 1847 778 1874 in
798 1847 908 1874 Domino
919 1845 1042 1886 salptem.

296 1906 351 1933 Etsi
367 1906 449 1934 credo
464 1906 622 1941 pervenisse,
634 1906 716 1932 etiam
734 1905 768 1932 ad
781 1904 950 1932 sanctitatem
969 1908 1042 1930 tuam

258 1953 292 1979 dc
309 1952 510 1987 persecutione,
522 1960 605 1987 quam
619 1952 702 1979 etiam
717 1959 791 1979 nunc
802 1951 933 1978 adversus
945 1948 1044 1976 frater-

258 1999 373 2026 nitatem
383 1997 471 2026 facere
484 1998 577 2025 conati
588 2003 652 2025 sunt
660 1997 762 2024 inimici
770 1996 883 2028 Christi,
892 1999 1044 2031 quaarentes
1056 2028 1062 2031 Α

259 2045 419 2080 sanguinem
433 2048 575 2077 nostrum,
590 2048 705 2079 possunt
726 2048 816 2070 tamen
835 2043 916 2070 etiam
940 2041 1045 2070 charis-

259 2091 321 2118 simi
338 2091 426 2118 nostri
442 2090 546 2118 referre
565 2090 689 2126 religioni
707 2095 772 2118 tum.
799 2089 828 2116 in
850 2094 954 2116 tantum
972 2088 1043 2115 enim

259 2136 367 2164 rabiem'
375 2143 452 2164 suam
460 2143 507 2171 per
518 2135 619 2163 milites
632 2136 776 2163 extendere
790 2135 850 2162 ausi
865 2139 938 2166 sunt,
952 2138 980 2160 ut
991 2141 1044 2160 non

259 2183 348 2210 solum
358 2182 476 2210 civitatis
487 2182 602 2209 clericos
613 2181 771 2216 eﬁ‘ugarent,
785 2180 832 2209 sed
843 2180 924 2208 etiam
939 2179 971 2207 ad
984 2186 1045 2206 cre—

1082 249 1226 276 perversas
1249 248 1314 268 suas
1337 241 1413 272 vias,
1432 240 1503 267 sicut
1520 240 1650 274 scriptum
1669 239 1813 268 invenimus
1827 241 1850 268 in

1086 287 1273 314 tertiodecimo
1290 286 1400 314 Psalmo
1417 296 1424 313 :
1441 286 1514 313 Dixit
1529 287 1652 321 insipiens
1667 286 1696 313 in
1707 287 1781 313 corde
1792 295 1850 314 tua:

1086 334 1147 361 Non
1167 340 1206 362 est
1227 335 1308 362 Deus.
1324 333 1357 361 Et
1381 341 1444 361 mox
1468 333 1609 368 sequitur:
1624 333 1747 368 Carrupn‘
1760 339 1814 360 sunt
1831 339 1851 361 et

1084 381 1273 408 abominabiles
1288 381 1353 415 facti
1375 385 1436 407 sunt
1458 380 1484 406 in
1498 379 1618 413 operibus
1629 379 1685 406 suis
1697 378 1728 406 “.
1742 379 1801 406 inde
1813 379 1851 406 .Iu-

1086 427 1135 454 dmi
1155 431 1284 462 negantes
1299 425 1397 453 Filium
1410 425 1456 452 Dei
1471 425 1546 460 digiti
1563 424 1672 452 fuerunt
1682 425 1774 452 audire
1786 435 1792 452 :
1806 425 1852 456 ιω,

1087 482 1152 509 gens
1163 474 1312 509 peccatrix,
1329 473 1447 508 populus
1463 472 1559 507 plenus
1572 472 1688 505 delictis,
1706 479 1852 510 semenvnta-

1089 520 1202 555 lignum,
1219 519 1267 546 lilii
1293 519 1353 546 sine
1378 519 1436 554 lege
1448 519 1482 546 “.
1504 517 1581 546 Unde
1604 519 1665 546 sine
1683 518 1854 553 lege?quippe

1087 565 1152 600 quia
1167 565 1351 600 dereliquistis
1365 564 1522 592 Dominum.
1533 563 1596 591 lnde
1608 564 1782 592 beatissimus
1795 562 1854 590 Pau-

1087 612 1130 639 lus
1154 619 1216 639 cum
1238 611 1366 645 coepisset
1388 618 1442 637 non
1460 614 1564 636 tantum
1585 610 1697 636 credere
1721 608 1748 635 in
1770 609 1855 645 Filium

1089 656 1146 688 Dei,
1163 656 1340 683 verumetiam
1355 655 1502 690 praedicare
1514 655 1640 682 deitatem
1663 654 1758 689 ipsius,
1769 654 1855 682 scribe-

1089 704 1135 730 hat
1148 712 1154 730 ι
1169 702 1203 730 1η
1226 703 1300 730 nulla
1322 703 1387 729 mihi
1408 702 1473 728 mali
1489 701 1610 728 conscius
1625 709 1684 728 sum
1692 701 1724 728 “.
1739 700 1776 728 Ita
1792 700 1855 735 juxta

1088 755 1206 777 vestram
1222 749 1422 777 confessionem
1436 749 1516 776 etiam
1533 756 1583 776 nos
1599 753 1737 784 optamus,
1752 753 1856 775 tenentes

1090 796 1265 830 apostolicam
1283 795 1469 828 traditionem,
1485 795 1575 822 vivere
1594 795 1672 830 juxta
1692 794 1785 822 divina:
1802 794 1856 829 legis

1090 842 1227 874 mandata,
1247 845 1276 868 ut
1297 841 1432 876 possimus
1446 841 1587 869 vobiscum
1604 841 1720 868 inveniri
1742 841 1767 868 in
1787 841 1856 868 choro

1091 887 1148 920 illo,
1161 888 1188 914 in
1210 895 1265 922 quo
1294 895 1365 914 nunc
1384 887 1521 915 exsultant
1541 887 1712 922 patriarchae,
1727 887 1855 923 propheta,

1090 933 1206 968 apostoli
1235 941 1267 961 ac
1287 937 1429 969 martyres.
1455 933 1530 962 Licet
1547 934 1632 969 igitur
1647 934 1747 961 Ariana
1766 934 1855 961 insania

1089 987 1151 1006 cum
1167 984 1296 1006 extranea
1309 979 1431 1014 potentia
1451 979 1487 1007 ita
1502 987 1530 1007 se
1547 980 1686 1014 movebat,
1700 985 1729 1007 ut
1741 987 1791 1007 non
1805 980 1855 1007 lice-

1090 1029 1130 1051 ret
1141 1032 1190 1052 nec
1203 1024 1311 1059 fratres,
1324 1029 1455 1060 quantum
1468 1026 1504 1053 illi
1518 1026 1675 1059 saaviebant,
1688 1026 1769 1054 libere
1782 1033 1854 1053 aerem

1090 1070 1195 1104 videre;
1213 1075 1302 1098 tamen
1318 1071 1395 1106 juxta
1410 1072 1546 1099 orationes
1557 1076 1619 1100 tuas
1637 1072 1692 1100 Deo
1707 1072 1813 1104 favente,
1824 1075 1854 1098 et-

1090 1116 1112 1143 si
1130 1124 1190 1143 cum
1204 1117 1296 1144 labore
1315 1123 1341 1144 et
1360 1117 1482 1152 periculo
1495 1118 1587 1145 videre
1601 1119 1679 1153 potui
1696 1118 1808 1150 fratrem,
1818 1117 1854 1151 qui

1091 1162 1160 1189 solet
1174 1166 1228 1188 tam
1244 1163 1398 1190 necessaria
1410 1171 1492 1198 quam
1507 1163 1639 1198 epistolas
1652 1169 1706 1191 tam
1725 1162 1854 1191 sanctitatis

1091 1213 1144 1236 tuae
1155 1216 1236 1243 quam
1252 1209 1367 1236 aliorum
1380 1209 1700 1245 destinare.Accepimus
1714 1211 1797 1245 itaque
1809 1209 1855 1244 epi-

1092 1255 1176 1282 stolas
1203 1259 1229 1282 et
1252 1255 1338 1282 libros
1369 1255 1583 1290 religiosissime
1609 1264 1643 1284 ac
1673 1255 1854 1291 sapientissimae

1092 1300 1190 1327 anima:
1204 1305 1267 1334 tuae,
1280 1300 1306 1326 in
1322 1300 1423 1335 quibus
1438 1300 1629 1335 perspeximus
1652 1301 1788 1336 imaginem
1801 1306 1855 1334 apo-

1092 1345 1228 1378 stolicam,
1244 1345 1371 1373 ﬁduciam
1391 1345 1588 1381 propheticam,
1609 1346 1788 1381 magisterium
1799 1344 1855 1372 veri—

1092 1391 1166 1424 tatis,
1191 1391 1343 1418 doctrinam
1365 1398 1436 1418 veraa
1456 1391 1527 1424 ﬁdei,
1548 1391 1621 1418 viam
1642 1391 1782 1423 caelestem,
1799 1397 1855 1416 mar-

1093 1436 1153 1472 tyrii
1166 1435 1290 1471 gloriam,
1301 1436 1452 1470 triumphos
1462 1436 1593 1464 adversus
1604 1434 1854 1464 haeresimArianam.

1092 1482 1267 1510 traditionem
1282 1483 1414 1518 integram
1434 1482 1546 1510 Patrum
1567 1487 1734 1516 nostrorum,
1755 1482 1855 1517 regulam

1092 1534 1194 1557 rectam
1223 1529 1398 1557 ecclesiastici
1427 1529 1541 1556 ordinis.
1555 1528 1578 1556 0
1597 1537 1663 1556 vere
1678 1527 1779 1556 Lucifer
1800 1527 1854 1562 (12)ν

1094 1577 1138 1612 qui
1151 1576 1229 1611 juxta
1249 1583 1360 1610 nomen,
1382 1575 1473 1603 lumen
1492 1575 1615 1603 veritatis
1644 1575 1740 1606 ferens.
1759 1570 1854 1609 posuisti

1093 1630 1174 1657 super
1189 1621 1391 1655 candelabrum,
1409 1626 1439 1649 ut
1456 1621 1682 1649 luoeatomnibus
1697 1622 1702 1648 !
1720 1620 1790 1656 771
1802 1618 1855 1651 Ουὶὃ

1093 1668 1177 1701 enim,
1193 1668 1313 1703 exceptis
1323 1667 1443 1701 Arianis,
1460 1675 1513 1694 non
1524 1667 1647 1703 pervidet
1657 1676 1689 1695 ex
1698 1672 1741 1694 tua
1752 1665 1854 1693 doctrina

1095 1721 1185 1740 veram
1202 1713 1311 1748 quidem
1330 1712 1420 1745 fidem,
1438 1712 1572 1739 maculam
1594 1717 1686 1739 autem
1705 1710 1854 1737 Arianorum.

1098 1760 1178 1787 Valde
1192 1764 1219 1787 et
1235 1759 1440 1792 admirabiliter,
1456 1763 1486 1786 ut
1500 1764 1541 1786 est
1555 1758 1649 1785 lumen
1667 1766 1681 1785 a
1698 1755 1810 1786 tenebris,
1825 1753 1853 1778 ita

1095 1807 1225 1842 scparasti
1242 1807 1383 1834 veritatem
1401 1813 1417 1833 a
1432 1805 1578 1833 calliditate
1599 1809 1624 1832 et
1645 1802 1772 1840 hypocrisi
1787 1802 1853 1840 luere-

1095 1852 1223 1885 ticorum,
1235 1851 1380 1879 defendisti
1397 1851 1566 1879 Catholicam
1583 1850 1742 1880 Ecclesiam,
1757 1843 1853 1882 probas“

1096 1898 1163 1925 nihil
1174 1905 1243 1929 esse,
1251 1898 1297 1925 sed
1310 1903 1413 1925 tantum
1423 1897 1605 1932 phantasiam,
1614 1897 1771 1924 Arianorum
1781 1891 1852 1922 verba,

1095 1943 1211 1971 docuisti
1227 1943 1372 1971 calcandos
1388 1951 1448 1971 esse
1459 1943 1601 1970 frendores
1616 1941 1769 1970 diabolicos.
1784 1937 1851 1970 011³1³⁸

1095 1989 1164 2016 bona
1189 1993 1215 2016 et
1233 1988 1354 2024 jucunda
1381 1988 1550 2016 hortamenta
1569 1993 1614 2015 tua
1643 1988 1676 2015 ad
1700 1980 1851 2020 martyrium!

1095 2043 1177 2070 quam
1193 2035 1452 2062 desideratissimam
1469 2034 1613 2062 ostendisti
1626 2038 1738 2062 mortem
1751 2037 1803 2058 esse
1815 2033 1852 2062 ΡΓο

1096 2082 1205 2109 Christo
1228 2080 1298 2108 Filio
1319 2081 1365 2108 Dei
1384 2081 1456 2116 (l3)!
1472 2089 1552 2116 quam
1569 2081 1653 2108 futuri
1674 2078 1760 2108 seculi
1772 2080 1794 2104 et
1806 2074 1853 2100 vita?

1095 2127 1214 2154 caelestis
1231 2135 1352 2154 amorem
1374 2127 1568 2155 manifestasti!
1591 2127 1696 2154 Videris
1710 2132 1765 2153 esse
1779 2127 1851 2149 verum

1097 2173 1225 2208 templum
1236 2172 1398 2205 Salvatoris,
1412 2173 1458 2208 qui
1475 2173 1500 2200 in
1514 2178 1539 2200 te
1556 2173 1681 2200 habitans
1696 2173 1748 2199 hate
1757 2170 1807 2204 ipsa
1817 2173 1853 2202 per

259 2229 340 2256 mitas
350 2228 464 2260 exirent,
474 2233 501 2255 et
510 2227 632 2256 funestas
641 2235 706 2255 suas
715 2235 813 2254 manus
820 2227 951 2254 adversus
961 2226 1040 2261 μονά-

1098 2224 1122 2245 te
1133 2219 1265 2253 loquitur,
1278 2219 1335 2253 ipse
1346 2219 1391 2253 qui
1406 2223 1506 2246 tantam
1521 2220 1635 2254 gratiam
1650 2217 1759 2254 prmhuit
1770 2219 1852 2242 sermo-

258 2274 354 2307 ζοντας
368 2275 424 2309 (11)
443 2274 629 2302 immitterent.
651 2273 715 2301 lnde
734 2273 835 2301 factum
856 2278 899 2301 est
918 2277 949 2299 nt
965 2272 1045 2299 etiam

258 2328 309 2354 ego
326 2328 369 2347 me
385 2320 493 2356 longius
506 2319 680 2352 abducerem,
697 2326 731 2346 ne
749 2319 831 2346 etiam
849 2318 896 2353 qui
914 2325 964 2345 nos
983 2325 1047 2345 sns~

257 2371 405 2402 ceperunt,
424 2366 562 2401 negotium
580 2366 614 2393 ab
628 2365 730 2393 eisdem
760 2369 928 2400 paterentur.
944 2363 994 2391 Cui
1007 2367 1047 2391 et-

257 2413 330 2438 enim
352 2416 465 2447 parcent
482 2411 587 2444 Ariani,
605 2411 651 2446 qui
665 2419 715 2438 nec
729 2411 828 2438 animis
850 2410 909 2438 suis
921 2418 1047 2445 peperce-

259 2459 343 2485 runt?
356 2458 472 2491 Quando
484 2462 574 2486 autem
588 2463 703 2492 possunt
714 2458 842 2485 recedere
855 2465 870 2484 a
883 2457 941 2484 suis
952 2457 1046 2483 nel‘an-

260 2505 302 2531 dis
319 2505 435 2537 actibus,
448 2503 511 2532 dum
524 2508 684 2539 permanent
695 2504 818 2538 negando
835 2503 974 2530 Christum
995 2502 1044 2529 Do-

261 2553 365 2579 minum
392 2553 502 2580 unicum
517 2551 615 2580 Filium
637 2551 704 2579 Dei?
719 2551 783 2578 Haec
795 2555 837 2578 est
856 2551 933 2578 radix
952 2557 1046 2577 eorum

298 2609 320 2625 ‘“
329 2609 402 2637 Psal.
420 2617 480 2642 xm,
498 2609 524 2643 1,
537 2609 564 2635 2.
604 2609 627 2625 ⁶⁸
646 2608 698 2636 lsa.
716 2615 735 2640 ι,
749 2608 776 2636 5.
816 2607 839 2624 ⁸⁸
858 2606 947 2634 lCor.
967 2615 1003 2640 tv,
1019 2606 1046 2641 1,

297 2677 351 2712 (11)
373 2677 401 2705 S.
419 2679 510 2705 Germ.
528 2681 710 2704 monazonlns.
731 2675 796 2710 Reg.
812 2681 990 2704 monazoulcs.

298 2713 355 2748 (1‘2)
376 2711 444 2741 Hinc
459 2713 526 2739 forte
542 2718 649 2747 putetur
666 2712 760 2739 Latine
772 2712 806 2748 ab
818 2712 967 2748 Athanasio
978 2711 1046 2739 scri-

263 2753 306 2782 pta
324 2747 381 2775 haec
394 2748 595 2782 epistola,rcum
611 2748 713 2774 alludat
726 2747 759 2774 ad
774 2747 896 2774 Latinum
909 2755 1012 2773 vorem.

299 2783 355 2816 (15)
376 2781 441 2818 Reg.
468 2788 496 2810 et
519 2781 661 2811 S..Got'tn.
691 2782 777 2814 Quam
808 2782 1047 2818 desiderantissime

264 2818 405 2845 ostendisti
416 2816 578 2844 ntoriemlum
593 2826 647 2843 esse
668 2826 714 2851 pro
729 2818 867 2844 (Iltrtslo...
891 2816 974 2843 Paulo
989 2821 1048 2851 post

263 2852 355 2886 iidem,
378 2861 433 2880 νει-ε
460 2852 583 2885 (emplum
603 2852 781 2880 Sult'atoiis...
807 2852 866 2879 Mox
892 2852 919 2879 S.
943 2852 1045 2883 Germ,

1099 2265 1178 2292 nibus
1197 2264 1261 2297 tuis,
1277 2264 1376 2299 quippe
1391 2265 1437 2299 qui
1455 2269 1517 2291 ante
1528 2273 1589 2292 eras
1603 2265 1672 2299 apud
1688 2269 1776 2290 omnes
1793 2265 1851 2286 ama-

1097 2311 1170 2342 bilis,
1186 2319 1258 2338 nunc
1272 2317 1360 2338 tamen
1373 2315 1466 2338 tantus
1481 2315 1524 2338 est
1535 2318 1613 2338 amor
1627 2308 1768 2338 affectionis
1779 2311 1822 2332 tum
1832 2303 1851 2328 in

1097 2358 1195 2385 animis
1205 2357 1326 2384 omnium
1341 2358 1499 2390 collocatus,
1518 2362 1547 2384 ut
1567 2357 1651 2384 Eliam
1669 2362 1694 2383 te
1713 2350 1851 2387 temporiblﬂ

1097 2403 1197 2430 nostris
1215 2403 1368 2435 nominent,
1384 2407 1411 2430 et
1425 2411 1479 2430 non
1500 2403 1611 2430 tnirum.
1628 2402 1656 2429 Si
1676 2401 1744 2428 enim
1759 2397 1800 2432 qui
1811 2394 1851 2421 De”

1097 2450 1203 2484 placere
1213 2449 1349 2482 videntur,
1365 2449 1412 2476 lilii
1432 2449 1478 2476 Dei
1501 2449 1686 2479 nominantur,
1701 2448 1793 2481 quanto
1808 2446 1851 2467 ma-

1097 2496 1137 2531 gis
1163 2495 1309 2530 participes
1338 2495 1531 2530 prophetarum
1557 2494 1725 2522 confessores
1748 2489 1814 2525 (illi
1831 2486 1850 2510 εί

1098 2545 1215 2572 maxime
1235 2549 1261 2571 te
1285 2543 1420 2578 appellare
1436 2543 1547 2578 dignum
1562 2547 1612 2570 est.
1633 2540 1716 2568 Crede
1731 2532 1850 2566 ψιλω-

1097 2683 1177 2708 quem
1198 2675 1348 2709 sequimur,
1363 2674 1417 2701 lucc
1437 2674 1495 2708 ipsa
1513 2681 1559 2707 per
1582 2678 1607 2700 te
1629 2662 1850 2707 loquitur.Editiel

1098 2710 1176 2743 Reg...
1192 2708 1246 2736 Iure
1259 2708 1312 2744 i‘pse
1327 2718 1372 2744 per
1387 2715 1410 2736 te
1425 2709 1551 2743 loquitur.
1641 2741 1654 2744 Α
1689 2741 1703 2744 _
1786 2730 1836 2744 ml:

1133 2735 1196 2779 ("lii
1210 2735 1502 2772 Siciniuslocum'ex
1518 2743 1582 2779 Reg.
1599 2741 1666 2780 et

1100 2773 1211 2808 luimus.
1229 2780 1296 2806 Etliti
1312 2787 1464 2815 perperam,
1483 2773 1654 2814 tantoumagia
1674 2775 1790 2812 parum"
1799 2773 1849 2803 FW

1098 2820 1244 2851 pltctarum,
1261 2816 1446 2851 confessorem,
1458 2820 1481 2842 ct
1498 2815 1618 2842 maxime.
