1939 3041
105 141 175 169 “85

678 136 843 164 EPISTOle
863 136 907 162 Al)
926 135 1111 163 MONACHOS

1653 137 1720 163 “36

103 200 183 232 cifer,
201 206 254 226 non
272 203 300 225 tu
313 197 387 225 solus
410 197 467 224 luec
495 197 602 224 loculus
630 204 674 228 cs,
693 196 740 223 sed
766 195 883 230 Spiritus
899 199 920 226 Α
936 204 950 222 a
966 200 1040 223 tanto
1054 195 1126 223 enim
1150 194 1232 225 fonte.
1245 194 1316 229 quod
1331 195 1422 229 potuit
1439 194 1573 228 imperitia
1585 194 1641 229 (l7)
1659 203 1719 222 mea

104 249 217 273 sanctus
232 249 331 272 tecum.
347 242 422 270 Unde
443 243 499 269 haec
519 247 592 268 tanta
614 242 744 268 memoria
760 240 883 275 Scriptu-

104 290 217 318 rarum?
231 289 301 316 unde
315 295 413 316 sensus
426 294 453 315 ct
468 287 622 315 intellectus
633 286 791 314 earumdem
814 285 884 312 inte-

103 336 168 370 ger?
178 335 249 363 unde
263 335 323 362 talis
336 334 402 361 ordo
418 333 551 361 sermonis
564 332 732 367 compositus
742 331 801 358 est?
814 330 886 357 unde

104 386 178 408 tanta
190 382 359 408 hortamenta
381 380 408 407 in
426 379 496 406 viam
513 379 670 406 ccelestem?
692 378 764 405 unde
788 377 884 404 fiducia

104 433 199 454 contra
214 426 361 458 diabolum,
372 430 398 454 et
412 425 584 461 probationes
590 425 721 451 adversus
732 423 884 454 hazreticos,

103 473 156 500 nisi
171 472 290 508 Spiritus
310 476 421 499 sanctus
438 472 585 499 collocatus
601 475 674 498 esset
688 470 716 497 in
732 469 778 496 te?
794 469 886 496 Gaude

104 517 186 553 igitur
212 518 240 544 in
265 525 298 544 eo
325 521 350 544 te
373 524 443 547 esse,
460 515 516 551 jam
534 516 677 550 pervidens
688 515 715 542 in
731 522 785 549 quo
803 514 885 541 etiam

103 571 282 600 przecessores
294 564 350 598 (l5)
367 563 405 589 tui
420 570 492 589 nunc
503 566 566 589 sunt
580 567 722 597 martyres,
742 561 793 587 hoc
805 565 846 587 est
858 559 884 587 in

103 610 189 637 choro
201 609 366 643 angelorum.
380 608 535 635 Gaudemus
547 607 627 634 etiam
642 614 702 639 nos,
715 606 846 633 habentes
861 610 886 633 te

103 655 255 689 exemplum
271 653 326 690 (l6)
344 653 465 686 virtutis,
488 657 515 679 ct
535 652 672 686 patientia:
695 657 723 679 et
744 651 883 678 libertatis.

104 699 170 727 Nam
184 701 216 727 de
228 700 269 727 his
281 707 341 734 quae
358 698 491 732 scripsisti
505 698 538 725 de
551 698 660 725 nomine
672 705 744 730 meo,
754 697 885 724 erubesco

103 745 204 780 aliquid
218 744 347 779 proferre,
356 751 389 770 uc
397 743 488 770 videar
499 743 621 770 adulator
632 751 639 772 :
649 743 695 769 sed
703 743 761 770 scio
771 742 886 769 etcredo

103 790 193 824 ipsum
210 789 364 820 Dominum,
383 788 429 823 qui
444 793 537 815 sancto
548 793 574 815 et
591 787 716 823 religioso
732 787 823 814 animo
839 793 885 815 tuo

104 834 233 861 revelavit
255 841 362 860 omnem
385 833 519 865 notitiam,
545 833 712 860 redditurum
733 833 781 860 tibi
804 833 883 860 etiam

103 888 152 914 pro
170 880 220 907 hoc
233 879 324 907 labore
338 879 478 914 prannium
496 879 522 905 in
539 886 621 914 regno
649 878 790 906 caelorum.
816 878 884 912 Quia

102 932 168 959 ergo
188 925 249 952 talis
263 932 303 956 es,
316 928 482 959 precatorem
496 929 522 950 te
532 931 592 951 esse
607 932 655 958 pro
672 924 749 951 nobis
765 931 811 958 per
823 932 884 951 ora-

104 971 191 998 tiones
204 970 345 997 Dominum
359 969 485 1004 petimus,
496 974 525 996 ut
534 969 591 1004 jam
603 969 736 1004 inspicere
749 969 882 1004 dignetur,

103 1020 133 1043 ut
146 1020 187 1044 est
207 1016 372 1048 misericors,
389 1015 538 1043 Ecclesium
562 1015 734 1048 catholicam,
747 1019 773 1042 et
787 1015 884 1050 eripiat

104 1070 199 1090 omnes
212 1062 327 1089 famulos
343 1069 406 1089 suos
414 1062 447 1089 de
456 1061 582 1089 manibus
594 1065 797 1096 persecuturum
810 1070 816 1088 :
829 1068 883 1096 quo

103 1107 183 1133 etiam
201 1107 227 1133 hi
242 1114 337 1134 omnes
348 1107 395 1141 qui
409 1110 517 1141 propter
529 1110 630 1132 metum
651 1106 823 1141 temporalem
837 1113 882 1134 ce~

101 1153 237 1185 ciderunt,
247 1152 335 1180 levare
347 1160 377 1180 se
388 1153 493 1179 tandem
509 1152 613 1187 possint
623 1155 650 1178 et
658 1152 754 1178 reverti
766 1151 799 1178 ad
811 1151 882 1178 viam

102 1199 224 1232 justitiie,
240 1206 254 1225 a
271 1205 326 1233 qua
345 1198 448 1225 seducti
463 1197 773 1232 vagantur,.nescientcs
789 1197 815 1223 in
831 1204 882 1231 qua

104 1243 180 1270 fovea
204 1244 275 1276 sint,
289 1243 390 1270 miseri.
414 1242 573 1277 Specialiter
591 1247 681 1269 autem
698 1250 747 1277 ego
768 1248 840 1277 pcto,
859 1242 882 1269 si

105 1289 205 1324 aliquid
222 1290 311 1316 minus
322 1296 337 1315 a
355 1297 397 1316 me
408 1289 510 1316 dictum
527 1294 577 1321 est,
591 1288 730 1323 ignoscere
746 1288 882 1323 digneris:

138 1356 193 1391 (l5)
214 1357 259 1384 Sic
273 1356 337 1391 Reg.
351 1356 378 1383 S.
391 1357 481 1383 Germ.
495 1356 564 1391 Editi
581 1363 656 1387 vero.
673 1356 883 1390 praedecessor”.

138 1390 194 1425 (lli)
215 1393 250 1419 Ita
266 1391 331 1427 lleg.
346 1397 373 1419 et
392 1391 421 1418 S.
436 1392 529 1420 Germ.
545 1390 616 1418 Editi
630 1399 704 1422 vero,
716 1391 847 1424 habentes,
860 1396 884 1417 et

103 1427 258 1460 exemplum.

139 1462 194 1495 (l7)
216 1462 259 1488 Sic
274 1461 340 1497 Reg.
357 1466 383 1488 et
398 1461 427 1489 S.
445 1461 537 1488 Germ.
554 1460 635 1494 Editi,
651 1461 793 1497 impm’u'u,
807 1470 847 1490 ea.

937 242 979 268 vix
997 242 1106 268 haurire
1124 241 1219 267 valuit.
1239 239 1275 267 De
1291 240 1420 267 fratribus
1439 244 1530 266 autem
1551 239 1663 271 nostris,
1677 240 1718 267 sin

936 276 1120 322 minustpotui
1135 286 1226 313 videre
1245 286 1366 318 eosdem,
1382 285 1479 312 iterum
1507 285 1632 320 ignoscas
1645 290 1719 320 peto.

935 331 983 359 Est
994 333 1065 360 enim
1082 333 1138 367 ipsa
1151 333 1251 360 veritas
1271 334 1358 366 testis,
1371 337 1481 368 optasse
1504 340 1547 360 me
1566 338 1594 360 et
1613 333 1720 360 deside-

936 385 1010 405 rasse
1035 379 1086 406 hoc
1108 379 1254 413 impetrare
1272 385 1298 406 et
1323 383 1427 406 tantum
1453 378 1581 405 habuisse
1597 379 1718 406 dolorem

935 423 1007 457 quod
1021 431 1074 451 non
1091 425 1165 458 potui
1180 433 1187 451 :
1204 432 1266 452 nam
1283 432 1333 453 nec
1346 425 1473 460 lacrymae
1491 429 1667 453 cessaverunt
1685 425 1719 452 ab

936 467 1032 500 oculis,
1051 475 1100 495 nec
1111 469 1227 503 gemitus
1242 469 1275 496 ab
1290 469 1392 502 animo,
1408 470 1472 504 quia
1485 478 1534 497 nec
1549 469 1648 498 fratres
1658 477 1718 505 pcr-

936 512 1067 539 mittimur
1083 513 1183 541 videre.
1206 514 1293 542 Testis
1311 519 1352 542 est
1375 520 1464 542 autem
1488 515 1631 548 Dominus,
1654 517 1718 551 quia

936 563 985 583 nec
997 562 1122 591 parentes
1133 566 1202 593 quos
1213 560 1299 587 habeo
1311 560 1385 594 potui
1400 560 1502 592 videre,
1513 569 1545 588 ex
1558 569 1612 596 quo
1628 569 1718 596 perse-

935 609 1056 637 quuntur
1068 611 1128 631 nos.
1141 604 1211 637 Quid
1222 606 1293 633 enim
1309 614 1361 633 non
1377 606 1480 634 faciunt
1492 607 1604 634 Ariani?
1618 607 1718 635 itinera

935 649 1089 682 observant,
1111 658 1204 678 curam
1232 652 1331 679 habent
1355 652 1389 679 de
1409 652 1464 688 (18)
1484 654 1718 688 proficiscentibus

935 700 961 722 et
975 696 1138 724 exeuntibus
1154 697 1187 724 de
1208 697 1332 730 civitate;
1350 706 1432 727 naves
1455 705 1590 734 quierunt,
1603 701 1719 728 eremias

935 747 1040 777 gyrant,
1055 743 1151 771 domos
1170 744 1340 778 perturbant,
1354 746 1512 773 concutiunt
1535 745 1643 778 fratres,
1662 746 1718 773 sin-

935 787 1005 822 gulis
1016 788 1122 822 negotia
1134 788 1190 823 (l9)
1203 789 1383 822 concinnant;
1399 791 1445 818 sed
1461 790 1516 818 Deo
1527 793 1638 826 gratias,
1653 792 1719 820 dum

935 833 992 861 hinc
1008 838 1101 869 agunt,
1115 838 1190 863 tanto
1206 836 1302 871 magis,
1311 840 1338 863 et
1349 837 1409 871 plus
1425 841 1602 864 exsecrantur
1615 838 1649 865 ab
1661 845 1718 865 om-

937 879 1017 907 nibus
1037 885 1064 908 et
1082 886 1283 916 cognoscuntur
1302 890 1374 914 vere,
1388 887 1417 909 ut
1434 882 1502 910 dixit
1515 883 1646 910 sanctitas
1663 888 1717 915 tua.

936 925 1069 960 mancipia
1080 933 1140 953 esse
1148 925 1319 960 Antichristi,
1328 932 1355 955 et
1367 928 1418 963 ipsi
1432 928 1524 956 miseri
1538 929 1603 956 dum
1617 929 1643 956 in
1656 929 1718 957 odio

936 970 1080 1004 habentur,
1094 971 1193 999 durant
1213 971 1241 999 in
1261 973 1428 1008 malignitate
1452 981 1511 1006 sua,
1527 974 1612 1001 donec
1630 979 1720 1003 morte

935 1016 978 1042 avi
997 1016 1038 1043 sui
1054 1016 1204 1045 Pharaonis
1221 1021 1248 1044 et
1263 1017 1314 1052 ipsi
1325 1019 1496 1046 damnentur.
1515 1019 1640 1048 Salutant
1655 1021 1719 1048 reli—

935 1060 1042 1096 gionem
1056 1066 1129 1089 tuam
1141 1063 1187 1097 qui
1203 1070 1308 1091 mecum
1321 1068 1394 1098 sunt,
1411 1064 1524 1098 dignare
1541 1065 1661 1093 salutare
1670 1067 1719 1101 qui

934 1110 1022 1134 tecum
1043 1113 1115 1135 sunt.
1138 1108 1233 1137 Divina
1251 1109 1298 1137 Dei
1314 1111 1399 1145 gratia
1419 1110 1582 1139 incolumem
1607 1116 1643 1146 te,
1661 1121 1719 1141 me-

934 1160 1037 1180 morem
1063 1155 1159 1187 nostri,
1183 1163 1290 1190 semper
1310 1156 1419 1184 beatum
1444 1162 1596 1190 conservet,
1621 1160 1720 1187 merito

936 1199 1017 1226 homo
1036 1199 1094 1232 Dei,
1114 1200 1215 1228 famula
1234 1202 1350 1234 Christi,
1367 1202 1503 1238 particeps
1520 1205 1716 1239 apostolorum,

936 1244 1063 1273 solatium
1078 1245 1267 1280 fraternitatis,
1284 1248 1413 1284 magister
1430 1250 1559 1282 veritatis,
1576 1255 1603 1278 et
1614 1251 1641 1278 in
1659 1259 1718 1279 om-

939 1291 1018 1320 nibus
1031 1292 1261 1320 desideratissime

937 1358 1029 1418 de(l8)
1049 1357 1086 1385 lta
1102 1357 1130 1385 S.
1146 1358 1238 1386 Germ.
1253 1359 1323 1387 Editi
1349 1367 1410 1387 cum
1431 1361 1526 1396 Regio,
1538 1371 1615 1390 curas
1635 1369 1717 1399 agunt

937 1401 1085 1499 ﬁnita
1107 1427 1174 1464 Reg.
1190 1433 1218 1456 et
1242 1428 1271 1458 S.
1289 1429 1380 1459 Germ.
1407 1430 1489 1465 Editi,
1507 1432 1587 1465 male,
1605 1433 1717 1468 singulis

487 1637 525 1667 IN
558 1637 783 1667 EPISTOLAM
807 1637 859 1666 AD
884 1636 1107 1666 MONACHOS
1136 1637 1340 1669 MONITUM.

138 1773 202 1801 lliec
216 1773 327 1808 epistola
339 1777 396 1808 post
407 1773 579 1807 praecedentes
591 1773 658 1800 duas
670 1773 703 1800 ad
718 1772 871 1808 Luciferum
884 1783 948 1802 cura
961 1775 1012 1809 fuit
1024 1774 1050 1801 in
1064 1775 1178 1801 editione
1191 1774 1412 1810 Commeliniaua,
1425 1778 1459 1804 ad
1471 1778 1568 1806 calcem
1581 1780 1716 1808 uariarunt

103 1820 272 1848 Felckmanni
286 1821 433 1852 lectionum,
452 1828 512 1855 pag.
530 1819 574 1853 94,
590 1828 655 1855 quas
671 1828 758 1847 omnes
773 1821 894 1848 lectiones
912 1830 965 1848 una
983 1830 1041 1848 cum
1064 1821 1133 1848 hisce
1150 1821 1233 1848 tribus
1253 1822 1370 1856 epistolis
1390 1823 1492 1850 incuria
1509 1825 1618 1852 omisere
1635 1825 1715 1853 Pari-

102 1867 197 1893 sienses
212 1867 334 1893 editores.
354 1865 429 1892 Hunc
443 1874 501 1894 vero
518 1868 552 1894 ad
572 1867 711 1894 monachos
724 1867 813 1895 erce
827 1869 912 1903 primo
927 1870 1053 1904 scriptam
1068 1869 1149 1903 fuisse
1167 1868 1303 1903 ditcimus,
1318 1878 1375 1896 cum
1389 1878 1421 1897 ex
1436 1871 1523 1905 titulo,
1539 1876 1593 1899 tum
1605 1881 1636 1900 ex
1648 1874 1715 1908 styla

102 1913 176 1947 ipso;
191 1917 267 1939 tanta
279 1912 372 1947 quippe
384 1912 506 1948 religione
523 1921 596 1940 versa
609 1913 670 1948 fuit,
682 1918 711 1940 ut
722 1914 786 1941 nihil
800 1923 905 1943 curasse
916 1916 1036 1943 uideatur
1051 1915 1189 1950 interpres,
1206 1915 1268 1941 dum
1283 1914 1376 1942 erca
1393 1915 1470 1943 verba
1487 1917 1594 1951 paribus
1611 1918 1715 1946 Latinis

103 1963 312 1993 consequeretur.
331 1957 459 1985 therum
481 1960 544 1986 data
561 1959 610 1994 fuit
628 1959 685 1993 illa,
699 1960 799 1987 sedatis
818 1961 950 1987 Arianicis
967 1960 1132 1993 tumultibus,
1151 1961 1305 1996 redditaque
1328 1960 1454 1988 Ecclesia:
1467 1971 1530 1997 pace
1544 1968 1602 1998 post
1617 1973 1714 1991 annum

104 2011 132 2032 ut
145 2010 279 2040 putamus,
293 2005 353 2037 364,
370 2006 555 2041 monachosque
570 2011 673 2034 assueto
687 2007 764 2033 titulo
781 2012 953 2041 nuncupatos,
967 2012 996 2033 ut
1013 2015 1092 2042 supra
1104 2007 1130 2034 in
1142 2006 1253 2042 epistola
1267 2008 1351 2042 prima
1366 2009 1401 2034 ad
1415 2007 1561 2042 Orsisium,
1578 2018 1638 2044 pag.
1651 2009 1714 2045 695,

102 2055 223 2081 hortatur
235 2055 407 2086 Athanasius,
421 2063 472 2082 non
486 2056 561 2082 modo
581 2060 609 2082 ut
621 2055 734 2083 Arianos
748 2060 898 2083 aversentur
908 2076 915 2088 ,
938 2056 982 2083 sed
996 2057 1077 2083 etiam
1090 2055 1122 2082 ob
1142 2056 1174 2083 iis
1194 2056 1322 2083 declinent
1336 2055 1381 2091 qui
1404 2064 1463 2082 cum
1478 2056 1585 2083 Arionis
1599 2065 1715 2085 commu-

103 2101 230 2134 nicarent,
240 2101 291 2127 nisi
305 2101 467 2135 resipiscam.
478 2100 620 2135 Exemplar
627 2109 704 2135 porro
713 2100 843 2133 ercum,
851 2109 945 2136 magna
956 2101 1015 2128 licet
1023 2109 1086 2128 cura
1097 2101 1268 2136 perquiritum
1278 2102 1395 2128 nancisci
1406 2103 1612 2136 nequivimus.—-
1620 2102 1715 2137 [Cujus

103 2149 190 2172 tamen
203 2149 293 2180 postea
307 2153 409 2179 compos
422 2145 508 2179 factus
520 2145 586 2172 clar.
600 2145 685 2172 editor
698 2145 815 2172 eamdem
834 2145 971 2180 epistolam
993 2145 1081 2173 erce
1097 2151 1122 2173 et
1135 2145 1229 2173 Latine
1249 2147 1359 2173 inseruit
1380 2145 1459 2173 Novae
1473 2147 1646 2175 Bibliotheca:
1661 2147 1715 2176 Pa-

102 2195 184 2224 trum,
200 2191 241 2217 Itis
259 2190 424 2225 prazmissis:
442 2200 450 2216 ι
469 2189 560 2218 Graeca
577 2190 625 2217 tibi
646 2190 750 2223 damus,
769 2192 869 2218 erudite
900 2191 989 2224 lector,
1018 2191 1135 2226 epistola:
1150 2192 1290 2219 Athanasii
1320 2193 1355 2219 ad
1383 2194 1532 2226 monachos,
1547 2194 1622 2225 cuius
1639 2199 1715 2222 vetuo

105 2249 114 2264 ι
131 2239 274 2265 artissimam
296 2237 419 2265 Latinam
444 2237 683 2272 interpretationem
704 2239 731 2264 in
749 2236 957 2265 Commetiniana
982 2237 1094 2264 editione
1107 2237 1193 2272 primo
1206 2245 1307 2271 curam,
1324 2243 1349 2265 et
1365 2247 1381 2266 α
1397 2239 1591 2270 Parisiensibus
1607 2245 1716 2274 printer—

105 2291 114 2308 ι
130 2283 247 2314 missam,
265 2282 385 2309 dedimus
399 2290 458 2316 pag.
475 2282 536 2314 771,
545 2282 680 2316 praemisso
691 2282 798 2308 monito.
811 2281 946 2308 Prodeuut
955 2287 1040 2308 autem
1053 2282 1143 2309 isthazc
1153 2283 1250 2317 partim
1260 2291 1291 2309 ea:
1301 2283 1434 2310 codicibus
1447 2284 1643 2317 Laurentianis,
1652 2294 1715 2320 par-

105 2336 114 2352 ι
130 2328 177 2354 tim
189 2334 221 2353 ea:
228 2326 307 2361 Regio
315 2326 395 2360 2425,
403 2334 421 2353 κ
432 2326 534 2360 seculi,
544 2327 649 2361 optimi:
663 2332 741 2354 notia.
755 2326 933 2354 r—therum
947 2332 1056 2353 ueterem
1067 2327 1306 2362 interpretationem
1316 2337 1346 2355 ne
1352 2334 1438 2363 pereat
1449 2329 1612 2364 subjicimus.
1623 2329 1714 2366 Enna]

106 2481 176 2508 ΤΟΥ
187 2481 365 2508 ΕΝΑΓΙΟΙΣ
383 2479 528 2506 ΠΑΤΡΟΣ
547 2477 651 2503 ΗΜΩΝ
665 2477 880 2503 ΑΘΑΝΑΣῙΟΥ.

139 2526 201 2557 Τοῖς
214 2525 258 2552 τὸν
273 2525 376 2560 μονήρη
393 2524 449 2559 βίον
460 2522 584 2552 ἀσκοῦσι,
596 2521 644 2548 καὶ
658 2521 686 2547 ὲν
701 2521 789 2547 πίστει
813 2521 881 2547 Θεοῦ

105 2570 264 2606 ἱδρυμένοις,
294 2570 443 2604 ἀγαπητοῖς
473 2568 520 2594 καὶ
540 2566 735 2593 ποθεινοτάτοιτ
758 2565 884 2600 ἀδελφοῖς

103 2616 132 2642 ἐν
147 2615 239 2651 Κυρίῳ
258 2615 372 2650 χαίρειν.

981 2475 1114 2503 SANCTI
1132 2476 1264 2504 PATRIS
1285 2476 1422 2505 NOSTRI
1447 2476 1663 2508 ATHANASII.
1699 2511 1707 2518 .

971 2521 1148 2549 Monasticam
1166 2522 1249 2550 vitam
1276 2523 1429 2558 agentibus,
1445 2527 1472 2550 et
1487 2523 1514 2550 in
1531 2524 1582 2551 [ide
1601 2523 1648 2550 Dei
1666 2531 1712 2551 ro-

936 2567 1060 2600 boratis,
1085 2567 1192 2595 dilectis
1214 2576 1246 2596 ac
1262 2568 1503 2596 desideratissimis
1531 2568 1660 2596 fratribus
1684 2569 1713 2596 in

936 2611 1063 2645 Domino,
1078 2613 1204 2640 salutem.

743 2665 825 2685 VETUS
846 2665 1071 2686 INTEIPRETATIO.

445 2712 600 2748 Exemplum
617 2707 742 2747 Epistula:
757 2712 897 2739 Athanasii
908 2713 939 2740 de
955 2713 1045 2741 erco
1059 2714 1086 2740 in
1096 2713 1222 2740 Latinum
1240 2715 1389 2742 translate.

143 2764 304 2792 Athanasius
320 2762 447 2790 solitaria:
469 2761 532 2788 vita:
554 2760 727 2788 studentibus
747 2765 773 2787 et
786 2760 877 2788 inﬁde
898 2760 945 2789 Dei
967 2761 1119 2796 roboratis,
1135 2770 1167 2789 ac
1191 2762 1375 2790 dilectissimis
1393 2761 1533 2796 fratribus,
1550 2761 1576 2790 in
1597 2762 1685 2792 Domi.
1698 2771 1713 2791 ο

103 2801 228 2829 salutent.

139 2835 252 2862 Domino
265 2833 374 2869 quidem
390 2831 490 2867 gratias
505 2838 565 2866 ago,
580 2831 627 2866 qui
643 2829 752 2858 donavit
767 2829 842 2858 vobis
858 2830 885 2858 in
902 2839 961 2860 eum
973 2832 1092 2865 credere,
1109 2836 1138 2860 ut
1152 2839 1213 2860 cum
1227 2831 1331 2860 sanctis
1338 2832 1421 2860 etiam
1435 2840 1484 2861 vos
1499 2833 1621 2861 habeatis
1631 2834 1713 2863 vitam
