1939 3041
233 133 302 162 “87

519 130 751 160 S..ATHANASII
769 130 844 158 OPP.
862 130 952 158 PARS
970 131 989 158 l.
1010 147 1045 152 —
1063 130 1251 159 HISTORICA
1268 131 1313 159 ET
1337 130 1551 159 DOGMATICTL

1786 130 1864 162 "83

268 191 376 220 Gratias
389 190 496 226 quidem
513 189 628 217 Domino
648 197 708 224 ago.
721 191 767 225 qui
782 190 856 218 dedit
877 191 954 218 vobis
980 191 1012 218 Ω·
1029 194 1037 223 Δ

1100 191 1261 227 Εὑχαριστῶ
1276 192 1325 226 μὲν
1339 190 1378 226 τῷ
1391 191 1496 227 Κυρίῳ,
1522 191 1563 226 τῷ
1575 191 1646 218 δόντι
1675 191 1740 227 ὑμῖν
1754 192 1794 224 εἰς
1812 194 1868 220 o6—

233 240 295 267 dem
309 240 334 266 in
350 239 451 273 ipsum,
475 241 505 264 ut
529 244 591 264 eum
613 237 718 264 sanctis
735 244 783 263 vos
799 245 910 271 quoque
935 237 1020 264 vitam

234 285 396 321 possidentis
412 289 552 311 aeternam.
577 283 647 316 Quia
669 291 734 310 vero
749 283 860 317 quidam
885 288 958 315 sunt,
975 285 1022 318 qui

235 338 297 356 rum
315 329 379 356 Ario
397 328 528 360 sentiunt,
548 331 576 352 et
597 327 762 353 monasteria
782 326 1001 353 circumcursant
1014 346 1022 357 ,

235 376 308 402 nulla
322 374 375 401 alia
391 374 424 400 de
439 381 534 404 causa,
551 373 603 399 nisi
622 378 651 399 ut
670 372 749 406 quasi
766 378 815 398 vos
831 371 972 402 adeuntes,
997 376 1024 398 et

235 429 250 448 a
270 421 348 448 nobis
376 424 540 447 revertentes
554 439 561 450 .
589 419 770 453 simpliciores
797 418 944 449 seducant;
963 417 1024 451 qui-

235 467 298 494 dam
315 475 380 493 vero
396 475 424 493 se
437 474 500 492 cum
517 466 581 492 Arii)
598 466 708 499 quidem
726 463 837 490 minime
850 465 951 490 sentire
964 471 1025 498 pru-

235 513 346 540 fitentnr
359 521 366 543 ;
381 511 428 538 sed
443 516 533 538 tamen
549 518 611 537 eum
626 510 735 536 Arianis
747 509 924 540 conveniunt,
941 513 1024 542 atque

235 566 289 585 una
304 558 399 584 eodem
425 557 451 583 in
475 557 535 583 loco
561 560 727 591 precantur;
746 555 918 582 hortantibus
935 555 1024 581 since-

236 606 356 632 rissimis
391 603 541 635 fratribus.
566 603 722 630 necessario
743 602 821 628 vobis
848 601 1022 628 Scribendum

235 653 301 680 duxi
318 673 325 683 ,
345 655 375 678 ut
388 651 460 686 piam
473 651 562 682 fidem,
575 657 657 684 quam
674 649 720 675 Dei
732 647 818 683 gratia
830 648 856 674 in
869 647 946 674 vobis
960 654 1024 681 ope-

235 703 324 730 ratur,
337 697 442 724 sincere
457 701 484 723 et
501 696 560 723 sine
577 695 641 722 dolo
664 699 815 726 servantes,
835 702 868 721 ne
888 694 1019 720 fratribus

237 743 398 771 offensionis
416 749 508 769 ansam
523 741 674 776 prmbeatis.
699 740 766 766 Nam
784 747 846 766 cum
861 739 981 774 quipiam
996 739 1023 765 in

234 790 346 817 Christo
362 789 453 815 fideles
469 795 517 814 vos
543 787 653 814 videant
679 794 741 812 cum
763 786 796 812 iis
819 785 964 812 convenire
992 793 1024 812 ac

235 834 438 862 communicare
450 853 456 865 ,
475 833 524 859 rati
542 840 602 859 esse
620 840 676 858 rem
700 832 801 858 licitam
824 835 851 858 et
872 830 1024 857 indifferen-

1070 237 1116 264 τὸν
1128 237 1279 269 πιστεῦσαι,
1291 238 1333 263 ἵνα
1344 238 1412 272 μετὰ
1423 237 1475 263 τῶν
1484 237 1567 271 ἁγίων
1576 237 1622 264 καὶ
1632 237 1710 273 ὑμεῖς
1719 237 1799 273 ἔχητε
1812 239 1867 273 τὴν

1073 283 1143 318 ζωὴν
1160 283 1208 318 τὴν
1228 283 1345 310 αἰώνιον·
1359 283 1452 318 ἐπειδὴ
1465 283 1494 309 δέ
1511 283 1563 309 eisi
1577 292 1648 315 τινες
1665 284 1689 310 οἱ
1705 284 1738 310 τὰ
1756 285 1877 319 Ἀρείοιι

1073 328 1244 362 φρονοῦντες,
1262 328 1469 363 περιερχόμενοι
1492 328 1525 354 τὰ
1543 330 1719 363 μοναστήρια,
1737 329 1771 355 δι’
1786 325 1879 356 οὐδὲν

1072 373 1134 400 ἄλλο
1147 374 1171 399 εὶ
1184 374 1220 408 μὴ
1232 374 1285 404 ἵνα,
1300 374 1337 405 ὡς
1349 375 1416 409 πρὸς
1431 375 1502 409 ὑμᾶς
1517 374 1637 406 ἐλθόντες
1653 375 1700 401 καὶ
1715 376 1762 410 ἀφ’
1782 376 1868 411 ἡμῶν

1073 420 1298 455 ὑποστρέφοντες,
1313 420 1376 452 τοὺς
1392 421 1535 456 ἀκεραίους
1561 420 1725 452 ἐξαπατῶσι·
1743 422 1819 454 τινὲς
1838 422 1868 449 δὲ

1073 467 1140 491 εἰσιν
1153 466 1177 491 οἱ
1194 465 1409 497 διαϐεϐαιοῦντες
1435 466 1485 501 μὲν
1512 466 1546 492 τὰ
1571 467 1674 502 Ἀρείου
1691 467 1728 502 μὴ
1741 469 1866 503 φρονεῖν,

1074 510 1335 543 συγκαταϐαίνοντες
1345 511 1384 542 δὲ,
1398 512 1446 538 καὶ
1463 513 1522 546 μετ’
1544 511 1633 538 αὐτῶν
1651 513 1793 548 εὐχόμενοι
1819 513 1868 540 ἐπὶ

1073 556 1103 581 τὸ
1118 556 1191 582 αὑτό·
1205 557 1371 590 ἀναγκαίως,
1399 557 1641 592 παρακελευόντων
1657 558 1868 594 τινιῦψεῑλικρι-

1073 602 1209 628 νεστάτων
1225 602 1359 636 ἀδελφῶν,
1375 603 1442 638 πρὸς
1459 604 1531 638 ὑμᾶς
1557 604 1672 638 γράφειν
1696 605 1867 636 ἐσπούδασα.

1074 647 1117 672 ἵνα
1131 648 1180 682 τὴν
1198 649 1296 683 εὐσεΕῆ
1314 649 1412 681 πίστιν,
1427 649 1460 685 ἣν
1480 651 1496 684 ὴ
1514 649 1560 676 τοῦ
1578 650 1644 676 Θεοῦ
1661 651 1740 686 χάρις
1755 652 1784 677 ἐν
1799 652 1868 686 ὑμῖν

1074 693 1230 727 ἐργάζεται,
1247 695 1383 730 ἀκεραίως
1398 696 1445 721 καὶ
1457 695 1557 727 ἀδόλως
1573 696 1762 730 φυλάττοντες,
1779 698 1809 723 οὗ
1829 698 1868 734 μὴ

1075 739 1209 774 πρόφασιν
1221 740 1288 766 δῶτε
1308 741 1453 767 σκανδάλου
1474 742 1530 772 τοῖς
1549 742 1672 776 ἀδελφοῖς
1689 743 1756 777 (20).
1780 745 1868 771 Ὅταν

1073 785 1128 819 γάρ
1141 793 1212 816 τινες
1224 786 1297 821 ὑμᾶς
1313 787 1375 818 τοὺς
1390 787 1418 812 ἐν
1430 787 1539 822 Χριστῷ
1552 788 1663 819 πιστοὺς
1677 788 1869 825 Θεωρήσαντες

1077 831 1134 864 μετ’
1148 830 1237 857 αὐτῶν
1249 832 1462 866 συνερχομένους
1475 833 1522 859 καὶ
1536 833 1740 867 κοινωνοῦντας,
1756 835 1868 868 πάντως

235 884 299 911 tem,
311 880 338 906 in
352 878 500 913 impietatis
517 885 625 905 emnum
644 877 815 904 delabentur.
831 875 870 903 Ne
884 876 950 911 quid
969 875 1021 910 igi-

1074 877 1272 912 ὑπονοήσαντες
1285 877 1428 914 ἀδιάφορον
1442 877 1509 905 εἶναι
1524 878 1554 905 τὸ
1566 880 1696 910 τοιοῦτον,
1706 880 1746 911 εἰς
1760 881 1808 906 τὸν
1816 883 1868 917 τῆς

234 933 280 955 tur
296 927 348 954 tale
362 927 511 961 contingat,
528 926 554 952 id
569 926 647 952 vobis
661 926 687 952 in
705 925 845 959 proposito
859 924 905 954 sit,
918 922 1021 954 dilecti,

236 976 267 999 ut
283 980 330 1000 eos
347 973 394 1006 qui
419 972 507 1006 palam
526 971 609 1005 impie
625 971 746 998 sentiunt
764 969 926 997 aversemini
943 977 950 1001 ;
975 975 1023 994 eos

237 1023 327 1045 autem
346 1018 392 1052 qui
419 1025 448 1044 se
465 1025 526 1044 cum
552 1017 618 1044 Ario
649 1024 702 1043 non
726 1016 828 1044 sentire
851 1019 957 1049 putant,
975 1013 1022 1041 sed

237 1071 299 1090 cum
322 1063 413 1098 impiis
438 1068 528 1089 tamen
555 1063 761 1090 communicant
787 1061 929 1088 caveatis:
959 1067 1022 1086 nam

238 1115 353 1142 quorum
384 1107 546 1134 sententiam
574 1115 734 1134 aversantur
751 1127 758 1138 ν
784 1114 878 1134 eorum
905 1105 1023 1132 maxime

238 1153 459 1180 communionem
480 1153 573 1188 fugere
599 1157 814 1180 consentaneum
829 1156 880 1178 est.
897 1151 974 1184 Quod
999 1151 1023 1177 si

239 1200 301 1235 quis
317 1200 381 1226 dum
399 1204 500 1226 rectam
527 1207 556 1226 se
576 1200 654 1226 fidem
681 1199 800 1233 profiteri
817 1198 938 1228 simulat.
960 1203 1022 1223 cum

239 1246 295 1273 illis
313 1250 403 1273 tamen
417 1246 619 1272 communicare
634 1246 742 1272 videtur
755 1265 762 1276 ,
782 1245 855 1271 hunc
876 1243 1022 1270 hortamini

240 1295 270 1318 ut
297 1298 310 1316 a
339 1290 384 1317 tali
409 1290 608 1317 consuetudine
633 1290 785 1317 abstineat:
814 1297 846 1316 ac
870 1289 892 1316 si
913 1288 1022 1323 quidem

240 1337 411 1372 polliceatur,
434 1336 507 1362 hunc
532 1335 625 1363 fratris
643 1336 703 1362 loco
725 1335 873 1366 habeatis;
892 1335 933 1361 sin
957 1341 1022 1368 pro-

240 1387 314 1409 terve
338 1382 456 1413 insistat,
474 1381 630 1415 bujusmodi
650 1381 787 1408 hominem
811 1379 962 1415 repudiate.
993 1378 1023 1406 Si

240 1428 276 1455 ita
294 1428 394 1463 quippe
428 1433 477 1453 vos
495 1426 595 1462 geratis
608 1446 615 1458 ,
640 1426 774 1453 sinceram
794 1425 874 1452 ﬁdem
901 1425 1024 1452 servabi-

241 1474 276 1502 tis
289 1494 296 1505 .
317 1478 398 1509 atque
418 1481 446 1500 re
462 1477 622 1507 perspecta,
650 1472 687 1499 illi
713 1472 778 1499 hinc
800 1471 945 1500 utilitatem
962 1478 1024 1505 per-

1073 923 1200 954 ἀσεῆείας
1214 923 1397 958 ἐμπεσοῦνται
1420 923 1559 959 βόρϐορον.
1589 926 1636 951 "lv'
1660 923 1706 952 οὖν
1725 926 1762 961 μὴ
1787 927 1869 953 τοῦτο

1073 969 1194 1004 γένηται,
1225 969 1367 1003 θελὴσατε,
1393 970 1546 1005 ἀγαπητοὶ,
1575 971 1637 1002 τοὺς
1665 971 1714 1006 μὲν
1740 973 1868 1007 φανερῶς

1074 1014 1239 1050 φρονοῦντας
1256 1014 1290 1040 τὰ
1301 1016 1349 1050 τῆς
1374 1015 1502 1046 ἀσεϐείας
1513 1016 1742 1051 ἀποστρέφεσθαι,
1760 1017 1825 1049 τοὺς
1837 1018 1866 1044 δὲ

1074 1060 1232 1095 νομίζοντας
1244 1060 1278 1086 τὰ
1299 1061 1403 1095 ’Λρείου
1423 1061 1460 1096 μὴ
1481 1063 1596 1096 φρονεῖν,
1624 1062 1823 1095 κοινωνοῦντας
1837 1063 1866 1090 δὲ

1075 1105 1142 1140 μετὰ
1159 1106 1214 1132 τῶν
1230 1105 1336 1132 ἀσεϐῶν
1359 1106 1550 1140 φυλάττεσθαιο
1574 1108 1620 1134 καὶ
1643 1108 1760 1143 μάλιστα
1783 1106 1820 1136 ὧν
1835 1110 1865 1136 τὸ

1074 1151 1201 1187 φρόνημα
1217 1152 1454 1187 ἀποςτρεφόμεθα,
1469 1153 1579 1184 τούτους
1590 1153 1644 1180 ἀπὸ
1655 1154 1705 1188 τῆς
1722 1155 1865 1188 κοινωνίας

1073 1199 1206 1233 προσήκει
1225 1198 1334 1232 φεύγειν
1351 1199 1415 1232 (Et).
1445 1199 1475 1225 Εἰ
1503 1199 1530 1225 δέ
1553 1207 1595 1231 τις
1609 1202 1797 1235 προσποιεῖται
1814 1202 1864 1237 μὲν

1073 1244 1211 1278 ὁμολογεῖν
1220 1244 1301 1279 ὀρθὴν
1314 1245 1412 1277 πίστιν,
1423 1245 1546 1278 φαίνεται
1554 1245 1582 1271 δὲ
1593 1246 1729 1272 κοινωνῶν
1739 1247 1864 1279 ἐκείνοις,

1073 1289 1118 1315 τὸν
1131 1288 1248 1316 τοιοῦτον
1276 1290 1463 1325 προτρέᾲασοε
1488 1291 1636 1326 ἀπέχεσθαι
1659 1292 1708 1327 τῆς
1735 1293 1864 1329 τοιαύτης

1075 1335 1228 1369 συνηῡείας⁸
1256 1335 1303 1361 καὶ
1331 1336 1379 1362 ἐὰν
1409 1336 1458 1370 μὲν
1484 1336 1696 1371 ἐπαγγέλληται,
1726 1337 1803 1372 ἔχετε
1818 1338 1864 1364 τὸν

1072 1380 1191 1407 τοιοῦτον
1206 1380 1244 1412 ὡς
1263 1381 1386 1415 ἀδελφόν·
1405 1381 1450 1407 ἐὰν
1465 1381 1493 1408 δὲ
1507 1382 1664 1416 φιλονείκως
1675 1383 1803 1419 ἐπιμένῃ.
1818 1383 1866 1410 τὸν

1072 1427 1192 1452 τοιοῦτον
1209 1427 1397 1463 παραιτεῖσθε.
1415 1427 1493 1454 οὕτω
1508 1427 1562 1464 γὰρ
1579 1428 1763 1460 διατελοῦντες
1779 1429 1866 1456 καθα-

1075 1473 1123 1508 ρὰν
1151 1471 1199 1507 τὴν
1229 1473 1319 1499 πίστιν
1352 1473 1537 1508 ὃιατηρήσετε·
1567 1475 1687 1501 κάκεῖνοι
1720 1475 1866 1510 βλέποντες

239 1520 350 1555 cipiunt,
365 1523 515 1546 metuentes
531 1526 564 1544 ne
575 1518 654 1552 quasi
671 1517 746 1552 impii
762 1521 790 1545 ct
801 1517 924 1552 ejusdem
941 1521 1037 1558 atque,

1075 1519 1146 1553 ὑμᾶς
1175 1518 1406 1553 ὡφεληϐήτονται,
1423 1519 1586 1553 φοϐηθέντες
1612 1520 1649 1555 μὴ
1670 1521 1723 1555 ἄρα
1745 1521 1782 1552 ὡς
1801 1521 1865 1547 ἀσε-

239 1566 333 1593 Ariani
344 1566 484 1593 sententia:
500 1569 669 1599 reputentur.

1076 1564 1133 1596 δεῖς
1145 1564 1192 1590 καὶ
1210 1564 1244 1591 τά
1265 1564 1375 1591 ἐκείνων
1389 1565 1549 1600 φρονοῦντες
1562 1566 1736 1601 νομισθῶσιν.

882 1627 967 1646 VETUS
986 1627 1216 1647 INTSRPBETA'I’IO.

238 1671 409 1704 perpetuam.
427 1667 495 1700 Quia
509 1672 598 1695 autem
611 1672 674 1694 sunt
687 1667 810 1702 quidam,
826 1667 872 1701 qui
883 1672 1029 1704 quzeAsunt
1048 1667 1105 1694 Arii
1128 1667 1467 1704 sapiunt,circumeuntes
1485 1668 1650 1695 monasteria
1667 1673 1778 1702 propter
1793 1668 1861 1694 nihil

239 1702 324 1733 aliud.
343 1703 395 1729 nisi
412 1708 439 1729 ut
458 1704 536 1737 quasi
551 1703 584 1730 ad
601 1710 649 1729 vos
663 1704 812 1734 venientes,
825 1707 851 1728 et
865 1710 878 1728 a
893 1702 971 1729 nobis
989 1706 1166 1738 revertentes,
1182 1702 1319 1736 simplices
1335 1703 1482 1736 seducant;
1501 1705 1610 1738 quidam
1626 1709 1715 1730 atttem
1732 1708 1795 1730 sunt
1814 1705 1860 1737 qui

239 1738 374 1765 allirmant
392 1739 501 1772 quidem
518 1746 570 1765 non
587 1746 616 1764 se
632 1746 726 1772 sapere
747 1738 791 1764 illa
813 1744 874 1769 quae
888 1737 943 1763 sint
957 1737 1026 1768 Arii.
1041 1742 1157 1770 pergunt
1177 1743 1266 1772 autem
1282 1742 1309 1764 et
1321 1738 1421 1772 pariter
1438 1737 1516 1764 orant
1531 1746 1590 1765 cum
1606 1739 1688 1772 ipsis;
1706 1738 1861 1766 necessario

240 1771 413 1800 hortantibus
430 1773 623 1800 sinceriSsiuiis
637 1772 765 1799 fratribus
779 1772 900 1799 scribere
922 1772 1012 1808 studui
1032 1771 1208 1808 [ἐσπούδασα]
1223 1793 1230 1804 ,
1250 1777 1278 1798 ut
1294 1771 1364 1806 piam
1382 1774 1460 1800 fidem
1478 1781 1559 1807 quam
1576 1775 1601 1799 in
1617 1771 1699 1800 nobis
1716 1772 1760 1799 Dri
1777 1775 1859 1807 gratia

239 1813 377 1842 operatur,
392 1809 498 1835 sincere
511 1813 538 1835 et
549 1809 608 1834 sine
622 1808 684 1835 dolo
694 1808 887 1835 custodientes.
901 1814 954 1833 non
975 1807 1045 1834 detis
1059 1807 1232 1834 occasionem
1261 1808 1382 1834 scandali
1403 1808 1541 1835 fratribus.
1558 1808 1626 1835 Cum
1649 1809 1721 1835 enim
1736 1809 1797 1842 quis
1811 1816 1858 1835 vos

239 1843 267 1869 in
280 1843 390 1869 Christo
405 1843 491 1871 fidi-lis
505 1843 604 1870 viderit
620 1843 821 1870 communicare
833 1850 896 1868 eum
914 1842 1023 1874 talibus,
1040 1843 1081 1868 vel
1096 1850 1157 1877 cum
1175 1843 1216 1869 eis
1234 1843 1335 1877 pariter
1352 1851 1441 1873 orare.
1456 1844 1549 1876 utique
1564 1844 1708 1877 opinantes
1723 1843 1858 1870 indiscre-

238 1882 296 1905 tum
309 1877 484 1914 [ἀδιάκριτον]
501 1879 551 1905 hoe
565 1886 634 1909 esse,
648 1878 769 1905 incidunt
781 1878 806 1914 in
819 1877 1098 1914 ctenuni‘impietutis.
1115 1876 1149 1903 Ut
1161 1885 1225 1910 ergo
1236 1876 1310 1904 nihil
1327 1878 1377 1905 tale
1397 1878 1453 1909 liat,
1464 1880 1499 1905 sit
1515 1876 1592 1905 vobis
1604 1879 1741 1909 voluntas,
1754 1879 1858 1905 charis-

239 1912 314 1944 simi,
329 1921 376 1940 eos
389 1912 433 1948 qui
450 1912 559 1948 sapiunt
572 1921 632 1948 qua:
651 1918 714 1940 sunt
727 1913 874 1947 impietatis
891 1912 946 1938 Arii
964 1916 1100 1948 avertere:
1112 1920 1159 1939 eos
1177 1918 1266 1939 autem
1283 1913 1329 1946 qui
1345 1918 1474 1948 putantur
1489 1913 1600 1947 quidem
1614 1921 1667 1940 non
1684 1921 1780 1947 sapere
1798 1921 1858 1947 qua:

238 1952 299 1975 sunt
320 1950 385 1981 Arii,
398 1946 587 1976 orant-autem
599 1957 660 1975 cum
682 1946 782 1982 impiis,
796 1947 914 1974 devitarc
930 1956 936 1973 :
953 1951 980 1973 et
997 1946 1114 1974 maxime
1135 1948 1198 1982 quia
1214 1955 1331 1982 quorum
1345 1946 1446 1975 sensus
1459 1946 1643 1979 exsecramur,
1661 1946 1757 1974 horum
1777 1946 1856 1975 etiam

238 1990 457 2010 communionem
474 1984 599 2010 convenit
614 1983 714 2016 fugere.
732 1983 759 2009 Si
776 1983 838 2017 quis
853 1983 943 2015 itaque
963 1982 1037 2017 venit
1052 1983 1085 2009 ad
1103 1990 1162 2012 vos.
1179 1983 1201 2009 si
1217 1984 1325 2016 quidem
1344 1983 1422 2010 aﬂ‘ert
1443 1984 1592 2010 secundum
1606 1983 1714 2009 beatum
1726 1982 1858 2010 Joannem

238 2023 340 2044 rectam
351 2018 544 2051 doctrinam“,
555 2019 636 2046 dicite
653 2019 725 2049 huic,
742 2016 806 2048 Ave,
823 2023 848 2044 et
864 2017 942 2044 sicuti
958 2016 1067 2044 fratrem
1082 2017 1243 2044 bnnctalcm
1260 2018 1398 2052 suscipite.
1411 2018 1438 2044 Si
1449 2019 1510 2052 quis
1526 2023 1614 2044 autem
1625 2018 1735 2044 sitnnlat
1749 2019 1856 2052 quidem

238 2054 359 2080 confiteri
373 2061 402 2080 se
417 2059 516 2080 rectam
537 2053 627 2082 Iidem.
643 2057 753 2088 apparet
769 2057 859 2079 autem
870 2052 1074 2080 communicare
1092 2053 1157 2083 illis,
1175 2053 1327 2086 hujusmodi
1345 2053 1481 2079 hominem
1497 2053 1642 2080 hortamini
1667 2053 1776 2087 quidem
1794 2054 1858 2080 abs-

238 2089 325 2115 tinere
337 2096 366 2115 se
381 2096 396 2115 a
413 2089 459 2115 tali
479 2089 685 2120 consuetudine,
702 2093 729 2114 et
740 2087 763 2114 si
779 2088 888 2122 quidem
903 2087 1069 2122 promiserit.
1087 2087 1212 2114 habetote
1229 2091 1257 2114 et
1271 2088 1342 2115 hunc
1362 2089 1441 2122 quasi
1465 2088 1596 2120 fratrem;
1618 2090 1640 2114 si
1658 2095 1723 2114 vero
1740 2093 1854 2115 conten-

239 2123 310 2150 tioso
321 2125 412 2150 animo
424 2125 644 2158 perseveraverit,
660 2123 769 2150 ethunc
784 2121 892 2158 quoque
905 2121 996 2149 vitate.
1023 2121 1154 2150 Pessibile
1169 2123 1278 2157 quidem
1294 2128 1352 2150 erat
1371 2121 1439 2149 inihi
1456 2123 1536 2150 etiam
1555 2131 1602 2157 per
1614 2123 1698 2150 multa
1710 2124 1855 2150 extendere

237 2156 545 2193 epistolam,appouenti
556 2167 588 2186 ex
604 2158 752 2192 Scripturis
767 2156 865 2184 divinis
879 2156 994 2184 formam
1010 2158 1143 2193 ejusmodi
1160 2156 1308 2191 deetrinze;
1322 2158 1367 2185 sed
1379 2158 1442 2192 quia
1455 2156 1601 2192 prudentes
1613 2158 1778 2185 exsistentes
1790 2166 1856 2193 prae-

237 2193 334 2221 venitis
347 2201 394 2220 eos
409 2192 454 2228 qui
467 2195 599 2225 scribunt,
615 2198 641 2220 et
656 2193 740 2227 magis
754 2193 924 2220 abstinentiae
940 2193 1033 2219 intenti
1046 2192 1135 2228 idonei
1150 2193 1226 2223 estis,
1242 2197 1269 2219 et
1286 2194 1354 2220 alios
1366 2193 1462 2220 do‘cere
1475 2202 1482 2219 :
1496 2198 1636 2227 propterea
1652 2193 1780 2225 breviter,
1792 2192 1857 2220 tan-

236 2235 319 2289 quam
331 2227 446 2264 diligens
462 2230 495 2256 ad
507 2230 660 2263 diligentes,
675 2228 775 2256 dictavi
789 2228 936 2258 conlidens,
951 2227 1015 2262 quia
1031 2227 1070 2267 sic
1085 2229 1215 2267 degentes
1234 2235 1329 2262 puram
1346 2228 1536 2289 sinceramque
1552 2229 1630 2254 tidem
1647 2228 1812 2266 servabitis:
1831 2231 1855 2254 et

237 2269 245 2289 1
259 2264 276 2289 li
291 2264 342 2289 iam
355 2265 475 2289 ridentes
484 2265 556 2289 nuod
571 2271 624 2289 non
640 2272 703 2289 cum
718 2263 759 2289 eis
770 2263 869 2289 pariter
880 2263 965 2289 oratis
979 2263 1130 2289 Dercmient
1142 2263 1296 2289 utilitatem.
1308 2264 1434 2289 timentes
1444 2270 1477 2289 ne
1499 2267 1556 2289 orte
1569 2268 1699 2289 tanuuam
1712 2264 1790 2289 tmnii
1800 2263 1855 2289 [ut

237 2236 319 2289 quam
331 2236 446 2264 cingens
462 2236 495 2256 au
507 2236 660 2263 diligentes,
675 2236 775 2256 dIClth
789 2236 936 2258 commens.
951 2236 1015 2262 quia
1031 2236 1070 2254 sic
1085 2236 1215 2262 degentes
1234 2236 1329 2262 puram
1346 2236 1536 2290 sinceramque
1552 2236 1630 2254 uuem
1647 2236 1812 2255 servamus:
1831 2236 1855 2254 et

237 2262 245 2289 i
259 2264 276 2290 li
287 2264 342 2298 jam
355 2265 475 2292 videntes
484 2265 556 2298 quod
571 2271 624 2291 non
640 2272 703 2290 cum
718 2263 759 2290 eis
770 2263 869 2298 pariter
880 2263 965 2299 oratis
979 2262 1130 2299 percipient
1142 2263 1296 2296 utilitatem,
1308 2264 1434 2290 timentes
1444 2270 1477 2290 ne
1499 2267 1556 2291 orte
1569 2268 1699 2298 tanquam
1712 2263 1790 2298 impii
1800 2263 1856 2299 [καὶ

236 2298 272 2325 τὰ
284 2299 396 2326 ἐκείνων
412 2298 597 2335 φρονοῦντες],
615 2303 642 2326 et
659 2299 707 2334 qui
724 2298 833 2325 illorum
854 2298 971 2332 sapiant,
984 2298 1036 2332 dep

1074 2301 1158 2324 antur.

246 2386 251 2394 _
274 2354 296 2369 "
315 2353 337 2380 ll
351 2353 442 2387 Joan.,
461 2355 504 2382 10.

271 2411 327 2474 ρο)
347 2411 410 2440 llaec
425 2412 558 2439 trahentur
580 2412 609 2439 in
630 2410 715 2447 Regio
727 2410 821 2438 codice
839 2410 920 2443 2625,
937 2419 952 2438 x
969 2418 1016 2438 sae-
1034 2413 1056 2441 D

282 2455 302 2474 ι.

235 2455 302 2475 cuti.

1107 2411 1163 2451 (2η
1183 2410 1280 2438 lsthazc
1295 2411 1381 2438 multo
1395 2410 1544 2446 proiitiora
1556 2416 1621 2438 sunt
1635 2410 1662 2437 in
1677 2410 1763 2438 veteri
1777 2410 1854 2439 inter-

1070 2451 1225 2481 pretatione.
1631 2454 1648 2470 ο

238 2523 1850 2535 ._______.._____—————-_————_—_—__—

651 2587 694 2618 IN
721 2585 1005 2617 FRAGMENTUM
1035 2586 1211 2623 SEQUENS
1241 2586 1430 2617 MONlTUM

271 2693 352 2728 772
367 2693 403 2721 En
416 2694 464 2721 tibi
474 2693 649 2729 fragmentum
670 2692 798 2721 sistimus,
817 2691 897 2717 lector
911 2689 1013 2717 erudite
1023 2711 1030 2723 ,
1046 2690 1217 2725 epistolurum
1234 2690 1375 2717 Athanasii
1394 2690 1538 2725 festah'um,
1552 2699 1664 2724 quarum
1679 2691 1800 2725 jactura,
1815 2691 1851 2718 rel

235 2739 358 2774 lacrymis
371 2739 543 2775 deplorando.
555 2738 640 2766 Erunt
654 2737 708 2764 illa
722 2743 816 2771 magno
835 2742 943 2761 numero
963 2743 980 2760 a
994 2740 1085 2762 sancto
1107 2735 1219 2770 prwsu‘le
1235 2735 1391 2770 conscripta:
1405 2743 1463 2762 cum
1479 2736 1608 2771 profugus
1620 2737 1700 2763 vitam
1712 2736 1849 2768 solitudini

235 2789 380 2815 mandaret.
402 2787 471 2815 Nam
487 2789 512 2814 in
530 2785 712 2814 remotioribus
725 2791 805 2819 usque
816 2783 911 2809 deserti
926 2782 1001 2813 locis,
1018 2790 1116 2809 memor
1131 2783 1216 2818 gregis
1232 2782 1284 2814 sui,
1299 2782 1461 2816 quotidianis
1477 2785 1601 2810 wrunmis
1616 2789 1640 2810 et
1653 2783 1848 2811 calamitati”:

233 2833 391 2861 Arianorum
407 2836 496 2869 furore
509 2842 635 2869 oppressi,
653 2831 775 2867 epistolas
791 2831 882 2863 dabat,
897 2834 925 2856 ut
937 2830 1080 2864 plurimum
1097 2831 1302 2864 cansalalurias,
1321 2831 1348 2857 in
1364 2833 1430 2858 coitu
1448 2831 1562 2866 fratrum
1577 2831 1712 2867 legendas,
1727 2839 1792 2866 qua:
1805 2838 1847 2863 τι,
