1939 3041
103 127 172 156 “89
484 130 527 158 DE
548 131 735 160 TRINITATE
755 133 798 160 ET
816 133 954 161 SPIRITU
975 135 1119 163 SANCTO.
1135 151 1168 157 —
1186 135 1354 165 MONKTUM.
1663 142 1732 169 ,πετο

101 186 160 212 inde
171 187 200 213 in
211 195 290 214 unum
305 188 476 222 epistolarum
491 197 583 225 corpus
599 191 722 218 collectas
746 192 829 226 fuisse
841 193 978 227 propalam
998 201 1029 222 ea:
1048 195 1219 230 inscriptione
1236 196 1355 230 epistola:
1376 197 1479 232 festalis
1496 200 1625 234 superius
1638 201 1729 234 editat,

99 241 159 268 quae
173 234 305 261 tricesima
321 243 390 262 nona
404 242 582 265 nuncupatur.
595 237 658 264 ﬂwc
671 242 770 271 autem,
782 246 861 272 quam
874 247 941 265 nunc
956 240 1069 274 primum
1084 249 1117 268 ea:
1130 243 1309 276 manuscripto
1327 245 1513 279 antiquissimo
1525 247 1652 278 eruimus.
1664 248 1730 276 data

98 286 136 307 est
150 288 219 307 anno
235 281 298 313 6'56,
316 290 374 309 cum
387 283 465 317 jussu
483 284 643 315 Constantii,
656 285 845 312 Alexandriam
858 284 984 313 Ecclesia:
999 293 1094 323 ereptae
1111 288 1267 324 Catholicis,
1283 291 1391 317 Arionis
1407 292 1514 318 tradita:
1531 297 1613 320 sunt:
1630 301 1680 328 qua
1697 293 1729 321 de

99 336 127 354 re
141 329 347 356 consolatoriam
370 330 520 366 hujusmodi
534 332 674 365 epistolam
689 333 762 358 dedit
782 333 956 374 Athanasius.
981 334 1066 369 Hujus
1088 338 1237 371 fragmenta
1257 343 1359 365 tantum
1373 339 1425 365 duo
1436 340 1573 374 exscripsit
1587 340 1725 373 librarius,

99 374 204 400 omissis
222 374 293 406 aliis,
316 376 388 411 queis
404 376 565 404 Arianorum
586 378 767 405 invadentium
782 378 916 406 Ecclesias
929 385 1002 415 gesta
1018 382 1104 415 fusius
1125 392 1155 410 ac
1174 385 1307 416 subtilius,
1325 391 1352 412 ut
1367 391 1501 421 putamus,
1520 389 1726 423 prosequebatur

98 421 271 450 Athanasius.
295 423 327 450 Et
343 429 429 452 tamen
440 425 671 460 quantulacunque
693 430 754 452 sunt
773 425 864 452 ist/uec
877 434 893 452 α
909 427 1021 454 tenebris
1037 433 1060 454 et
1073 437 1089 455 a
1106 434 1251 464 temporum
1263 431 1363 465 injuria
1375 432 1518 465 vindicata,
1533 421 1606 460 scitu
1616 433 1725 468 dignam

98 474 152 493 rem
166 469 238 494 nobis
254 470 387 503 aperiunt,
407 471 519 497 Arianos
532 471 649 497 videlicet
665 471 787 497 ecclesias
800 470 957 496 convertisse
971 471 997 497 in
1014 471 1105 499 domos
1117 475 1315 507 negotiationis,
1334 479 1358 501 et
1373 476 1400 501 in
1415 476 1505 502 domas
1519 476 1578 508 veli,
1592 477 1620 503 id
1634 482 1683 510 est,
1697 478 1724 505 in

93 514 261 548 juridieialia
278 517 432 545 tribunalia.
454 519 513 551 Qua
526 519 557 546 de
573 527 600 545 re
615 520 704 554 agitur
717 519 743 545 in
759 517 935 546 Onomastico
947 518 981 544 ad
995 527 1080 546 vocem
1099 520 1193 556 Βηλός.
1209 521 1247 548 De
1267 521 1386 556 epistolis
1402 526 1489 549 autem
1507 523 1644 556 [estalibus
1660 524 1719 558 [use

97 567 125 585 m
141 560 303 596 Prwramne
318 565 434 598 genera“
450 564 517 600 (22).
584 600 626 626 Ea:
640 600 728 626 codice
742 598 819 626 Colb.
838 598 919 631 1785,
936 608 1064 626 annorum
1077 601 1169 627 saltent
1187 602 1248 629 800.

351 653 448 672 lNClPlT
467 653 593 673 EPISTOLA
610 654 703 674 SANCTI
719 653 862 673 unus"
878 652 994 672 EPISCOPI
1009 654 1197 679 ALEXANDRINI,
1210 656 1289 675 FLIIs
1304 657 1361 675 sms
1377 650 1492 684 (es-~24).

121 691 202 719 'Deus
213 691 320 726 quidem
332 699 379 719 vos
393 693 558 725 consoletur,
568 694 630 720 novi
643 697 732 720 autem
744 693 807 728 quia
819 700 872 719 non
887 693 910 720 A
924 691 973 723 bit,
1001 692 1167 720 dilectissimi
1194 693 1290 722 fratres
1309 704 1315 722 :
1332 695 1353 722 si
1378 696 1450 723 enim
1469 697 1614 731 aliquando
1634 697 1720 725 eccle-

96 738 146 766 hoc
156 739 242 766 solum
251 746 300 766 vos
310 740 468 772 contristat,
479 740 525 767 sed
537 740 681 767 contristat
691 745 717 767 et
728 740 804 772 illud,
815 740 879 775 quia

94 785 225 812 ecclesias
238 785 346 820 quidem
362 786 407 812 alii
422 793 469 820 per
485 775 642 813 violentiam
657 791 815 818 tenuerunt,
830 794 879 814 vos

94 835 185 857 autem
208 831 315 858 interim
343 831 410 858 foris
434 832 500 859 estis
525 839 539 859 a
557 831 641 864 locis;
660 831 698 858 illi
719 832 791 859 enim
806 832 877 863 loca,

93 883 143 902 vos
154 884 217 903 vero
231 876 334 903 habetis
346 877 522 911 apostolicam
534 877 623 904 ﬁdem.
634 877 672 904 llli
683 878 708 904 in
723 877 790 904 locis
803 877 876 904 exsi-

94 926 205 954 stentes,
220 930 234 949 a
250 930 311 949 vera
325 923 377 949 ﬁde
388 927 451 950 sunt
469 922 534 950 loris
547 932 554 949 :
566 931 615 950 vos
631 931 695 950 vero
709 931 723 950 a
737 923 803 950 locis
817 923 878 957 qui-

93 968 154 995 dem
168 967 234 996 foris
248 969 328 1001 estis,
347 969 413 997 ﬁdes
429 976 492 996 vero
513 970 597 997 intus.
612 969 796 996 Discutiamus
812 969 877 1003 quid

93 1016 129 1044 sit
143 1017 230 1051 majus
240 1037 247 1050 ,
261 1017 337 1044 locus
357 1025 392 1044 an
416 1017 482 1045 ﬁdes
496 1026 503 1044 :
524 1017 608 1045 claret.
622 1018 716 1052 utique
735 1017 797 1052 quia
814 1025 876 1044 vera

95 1062 171 1089 ﬁdes.
188 1062 254 1095 Quis
271 1071 336 1098 ergo
353 1064 470 1098 amplius
489 1063 615 1098 perdidit,
630 1063 672 1090 vel
685 1063 746 1098 quis
759 1063 875 1097 amplius

94 1109 185 1140 habet,
201 1109 248 1143 qui
263 1109 353 1136 locum
374 1113 456 1142 tenet,
474 1117 507 1136 an
524 1110 570 1145 qui
591 1110 689 1137 ﬁdem?
704 1110 793 1136 Bonus
813 1109 875 1144 qui-

93 1155 154 1182 dem
169 1155 245 1182 locus
262 1160 313 1187 est,
330 1156 438 1190 quando
457 1155 512 1183 illic
527 1156 674 1191 apostolica
693 1155 759 1183 ﬁdes
778 1155 876 1190 prtedi-

93 1204 188 1227 catur:
205 1205 314 1228 sanctus
337 1205 388 1231 est,
402 1201 423 1228 si
439 1201 476 1228 ibi
501 1201 604 1228 habitat
625 1205 747 1228 sanctus.

366 1246 400 1272 Et
419 1252 475 1281 post
489 1255 572 1280 pauca
586 1254 595 1273 :

128 1290 182 1318 Vos
204 1297 294 1318 autem
309 1291 389 1323 beati,
406 1293 452 1328 qui
478 1293 528 1319 ﬁde
547 1293 573 1319 in
596 1292 715 1320 Ecclesia
741 1292 816 1324 estis,
845 1292 872 1319 in

93 1337 153 1364 ﬁdei
176 1337 361 1366 fundamentis
386 1339 524 1371 habitatis,
547 1342 574 1365 et
599 1337 776 1365 suﬂicientem
794 1338 874 1365 satis-

93 1383 236 1410 factionem
253 1384 367 1418 habetis,
382 1384 443 1411 ﬁdei
467 1384 663 1416 summitatem,
678 1391 738 1418 quae
752 1384 778 1410 in
797 1384 874 1411 vobis

93 1434 232 1464 permanet
247 1430 420 1462 inconcussa;
433 1438 466 1457 ex
481 1430 627 1464 apostolica
642 1430 714 1457 enim
733 1429 875 1457 traditione

93 1475 215 1509 pervenit
232 1475 264 1501 ad
282 1482 339 1508 vos,
356 1479 382 1502 et
404 1474 557 1510 frequenter
571 1483 630 1502 eam
646 1475 812 1501 exsecranda
831 1475 873 1500 in-

91 1520 162 1547 vidia
177 1521 262 1548 voluit
283 1528 466 1554 commovere,
485 1529 534 1548 nec
553 1521 638 1548 valuit
656 1530 663 1548 :
681 1521 768 1556 magis
783 1525 873 1548 autem

91 1571 138 1597 per
158 1571 189 1590 ea
210 1571 270 1598 qua:
291 1568 499 1591 commoverunt.
518 1567 582 1590 sunt
603 1563 729 1590 abseissi.
756 1561 813 1589 Hoc
832 1566 875 1589 est

90 1609 163 1635 enim
187 1609 258 1643 quod
284 1609 414 1643 scriptum
434 1614 476 1636 est.
495 1617 502 1635 :
526 1607 564 1634 Tu
587 1616 613 1635 es
634 1607 722 1634 Filius
746 1607 795 1634 Dei
811 1608 872 1640 vivi,

90 1655 171 1682 Petro
184 1663 232 1690 per
245 1656 438 1682 rcvelatiouem
452 1654 539 1682 Patris
554 1654 681 1682 confesso
691 1659 717 1682 et
730 1654 871 1681 audiente:

90 1701 190 1729 Beatus
206 1711 243 1734 es,
260 1702 350 1729 Simon
368 1702 497 1736 Barjona,
508 1701 570 1736 quia
583 1709 645 1727 caro
660 1706 686 1727 et
701 1701 808 1735 sanguis
823 1708 873 1727 non

90 1746 211 1774 reuelauit
234 1748 297 1780 tibi,
318 1748 362 1774 sed
376 1747 456 1774 Pater
477 1754 547 1772 meus
561 1746 648 1781 quiin
667 1746 785 1772 Ctelisest
797 1745 828 1777 “,
847 1748 874 1772 et

89 1798 197 1821 cetera.
218 1792 302 1820 Nemo
319 1794 402 1828 igitur
418 1799 539 1827 unquam
557 1795 653 1819 vestrae
673 1791 733 1818 ﬁdei
747 1791 873 1826 praevale-

126 1838 148 1854 “
166 1837 261 1866 Matth.
281 1838 395 1870 “1,17.

124 1883 180 1919 (2'2)
200 1883 241 1910 Cl'.
266 1882 336 1910 infra
360 1882 547 1919 Prml‘ationem
570 1884 654 1919 card;
664 1881 726 1909 Maii
751 1882 783 1919 in
796 1889 874 1919 suam

89 1917 234 1946 editionem
243 1919 398 1946 earumdem
412 1918 599 1953 epistularum.
613 1928 621 1943 ‹
633 1917 687 1944 Nec
694 1925 767 1948 vero,
778 1917 875 1951 inquit,

88 1953 215 1981 Latinum
231 1954 295 1980 illud
320 1952 498 1988 fragmentum
509 1954 691 1988 (subsequens
706 1952 830 1987 scilicet),
847 1952 878 1986 ﬁ-

889 1362 910 1389 Β

931 737 986 764 sias
1002 738 1150 765 reddiderit
1165 739 1246 768 Deus.
1270 740 1406 768 credimus
1430 742 1501 769 enim
1518 741 1589 773 hoc;
1606 749 1718 769 verum-

931 787 1059 812 tamenne
1068 783 1153 811 'tanta
1168 785 1346 820 ecclesiarum
1361 787 1539 815 reddition'em
1558 787 1655 815 suﬁicit
1666 797 1717 816 no-

928 829 970 857 bis
994 830 1071 857 ﬁdes.
1090 830 1122 857 Et
1142 839 1175 858 ne
1192 831 1261 859 forte
1281 833 1341 860 sine
1360 833 1503 868 scripturis
1517 834 1642 868 loquens,
1656 837 1717 861 vio-

929 875 1010 902 lentia
1025 875 1124 908 dicam,
1140 877 1240 904 bonum
1252 882 1293 904 est
1307 885 1356 905 vos
1371 878 1404 905 ad
1420 877 1620 913 Scripturarum
1639 881 1716 908 testi-

928 921 1019 948 monia
1031 921 1147 949 trahere.
1157 923 1417 951 Commemoramini
1431 925 1501 951 enim
1510 925 1574 960 quia
1583 927 1715 960 templum

927 966 1035 1000 quidem
1071 971 1129 994 erat
1161 967 1310 996 Jerusalem
1345 979 1350 996 :
1375 969 1504 1003 templum
1530 977 1583 997 non
1605 975 1665 998 erat
1686 969 1718 1000 in

926 1017 1028 1042 eremo,
1043 1009 1202 1044 alienigcnte
1220 1011 1388 1037 invaserant.
1407 1011 1447 1038 Ex
1469 1020 1523 1046 quo
1540 1017 1566 1039 et
1583 1017 1714 1047 temptum

925 1062 990 1081 vero
1021 1054 1185 1088 Jerusalem;
1200 1055 1239 1082 illi
1258 1056 1335 1090 ejecti
1345 1055 1491 1091 Babylonia
1504 1057 1713 1091 desc-nderunt,

923 1101 1027 1135 judicio
1046 1102 1196 1135 probantis,
1214 1102 1271 1129 sive
1291 1102 1372 1128 etiam
1396 1103 1556 1137 corrigentis
1574 1103 1637 1138 Dci;
1657 1112 1716 1131 ma-

925 1146 1078 1173 nifestantis
1095 1154 1158 1173 vero
1175 1147 1349 1173 inimicorum
1372 1148 1533 1182 sanguinem
1556 1149 1712 1176 vorantium

924 1200 1019 1227 punias
1034 1193 1144 1228 ignaris.
1166 1192 1198 1219 Et
1224 1193 1314 1219 locum
1340 1193 1450 1228 quidem
1469 1193 1715 1222 ltabebantalieni-

924 1247 1020 1274 gente;
1038 1239 1090 1266 loci
1114 1246 1177 1265 vero
1201 1237 1349 1265 Dominum
1368 1239 1537 1266 nesciebant.
1556 1240 1583 1266 ln
1607 1244 1713 1266 tantum

924 1292 998 1318 vero,
1015 1285 1077 1320 quia
1090 1292 1140 1311 nec
1158 1291 1288 1318 responsa
1305 1284 1395 1315 dabat.
1411 1292 1460 1312 nec
1479 1285 1649 1320 loquebatur,
1665 1287 1713 1313 sed

925 1337 940 1356 a
956 1331 1070 1357 veritate
1082 1329 1195 1356 desolati
1212 1329 1330 1356 fuerunt.
1344 1329 1414 1362 Quid
1427 1330 1509 1364 igitur
1522 1338 1568 1357 eos
1583 1331 1660 1365 juvat
1673 1331 1713 1358 lo-

926 1373 993 1401 cus?
1007 1373 1076 1400 Ecce
1091 1374 1164 1400 enim
1186 1373 1276 1400 locum
1303 1374 1432 1400 habentes
1450 1380 1613 1402 accusantur
1625 1383 1639 1401 a
1652 1376 1713 1403 dili-

926 1419 1051 1454 gentibus
1065 1419 1160 1452 Deum,
1175 1419 1239 1454 quia
1253 1427 1315 1446 eum
1329 1419 1452 1446 fecerunt
1465 1419 1619 1454 speluncam
1630 1420 1713 1448 latre-

926 1474 1002 1498 nuni,
1014 1470 1041 1492 et
1056 1465 1166 1492 domum
1178 1465 1380 1500 negotiationis,
1391 1470 1417 1492 et
1430 1466 1541 1493 domum
1556 1467 1607 1493 veli
1621 1467 1711 1494 locum

926 1515 1048 1538 sanctum
1061 1510 1182 1538 fecerunt
1192 1514 1312 1538 amentes
1324 1510 1387 1543 sibi,
1400 1518 1468 1546 quos
1481 1511 1535 1538 illic
1546 1519 1600 1539 non
1613 1512 1715 1539 licebat

926 1557 1037 1584 intrare.
1057 1557 1217 1584 Audivimus
1229 1556 1312 1589 enim,
1331 1556 1512 1588 dilectissimi,
1529 1557 1664 1585 discentes
1676 1558 1711 1585 ab

925 1603 968 1631 his
983 1603 1028 1638 qui
1043 1603 1105 1629 inde
1119 1606 1252 1629 venerunt
1266 1602 1323 1629 haec
1338 1606 1364 1629 et
1378 1601 1513 1630 deteriora
1530 1602 1582 1629 his.
1601 1601 1714 1636 Quanto

924 1649 1005 1684 igitur
1019 1648 1112 1675 labore
1124 1648 1248 1675 videntur
1260 1647 1408 1675 Ecclesiam
1424 1653 1524 1681 tenere,
1535 1653 1611 1676 tanto
1622 1649 1713 1684 magis

923 1696 1001 1731 eiecti
1012 1699 1085 1722 sunt.
1100 1694 1133 1721 Et
1144 1699 1274 1729 putantur
1285 1702 1344 1722 esse
1360 1695 1429 1722 intra
1442 1695 1709 1730 veritatem,expulsi

923 1747 988 1770 sunt
1000 1746 1090 1769 autem
1105 1745 1132 1768 et
1143 1741 1224 1776 capti,
1241 1745 1268 1768 et
1279 1741 1383 1768 nullum
1399 1741 1505 1769 lucrum
1518 1741 1575 1769 sola
1587 1741 1709 1769 Ecclesia

923 1790 989 1824 quia
1007 1796 1099 1815 rarum
1116 1778 1233 1823 [rerum]
1248 1787 1348 1814 veritas
1359 1787 1510 1822 iudicatur.

927 1881 971 1908 liis
985 1881 1040 1908 suis
1056 1880 1227 1914 inscriptum,
1243 1887 1288 1913 ap.
1303 1878 1398 1906 Menti.
1414 1878 1478 1905 edit.
1493 1877 1673 1914 Yenet..tom.
1688 1878 1708 1912 Ι⁹

929 1919 1005 1951 part;
1025 1923 1055 1945 ιι,
1077 1913 1215 1951 ῃηεξπεὲ,
1232 1914 1426 1951 heor_ta_s_ticum
1442 1922 1471 1941 se
1485 1913 1663 1941 demonstrat.
1680 1923 1689 1939 ι

967 1950 1070 1986 (25-24)
1086 1949 1192 1985 Scripta
1207 1957 1279 1976 anno
1293 1949 1355 1976 556.

101 2013 1704 2030 ___F____.—.—.—._——-———————————l

221 2059 301 2094 773
326 2059 367 2090 ΙΝ
393 2058 544 2090 LIBRUM
570 2059 622 2089 DE
650 2057 871 2089 ΤΒΙΝΙΤΛΤΕ

926 2057 945 2086 Γ
975 2055 1130 2087 SPlRITU
1155 2054 1310 2086 SANCTO
1335 2054 1538 2085 MONI'l’UM.

125 2153 234 2182 Iamdiu
250 2155 318 2181 inter
331 2153 421 2188 spuria
435 2152 512 2178 latuit
527 2152 574 2178 hoc
587 2151 761 2186 opusculum:
772 2156 797 2178 et
811 2151 917 2186 quidem
936 2151 963 2177 in
983 2149 1102 2176 omnibus
1119 2147 1258 2174 Athanasii
1281 2147 1362 2173 editis
1374 2151 1530 2181 prrepastere
1545 2155 1597 2174 una
1614 2141 1710 2174 inscri-

88 2204 177 2237 ptione
190 2201 357 2236 conjunctum
376 2207 434 2226 cum
450 2198 498 2224 illa
515 2197 684 2232 Coufessione
697 2196 758 2231 ﬁdei
779 2205 837 2232 qua:
853 2201 922 2223 torno
935 2194 956 2221 ll
973 2193 1039 2231 [IV]
1058 2198 1117 2229 post
1138 2193 1218 2220 libros
1238 2191 1276 2219 De
1291 2191 1422 2220 Trinitate
1438 2200 1529 2225 agmen
1546 2191 1711 2220 claudiLEt

88 2248 167 2283 probe
181 2255 243 2273 sane
257 2245 442 2272 animaduertit
458 2242 610 2277 Cltiﬂletius,
626 2241 722 2276 duplex
735 2240 889 2275 opusculum
899 2248 964 2269 esse,
981 2248 1011 2266 ac
1029 2244 1168 2274 utrumque
1189 2246 1237 2264 suo
1257 2237 1334 2264 titulo
1352 2237 1473 2264 distinin
1488 2238 1515 2264 in
1528 2238 1598 2264 edito
1619 2237 1708 2273 Vigitii

91 2295 242 2330 Tapsensis.
260 2294 345 2321 Miror
357 2297 443 2320 autem
463 2299 514 2317 non
529 2290 717 2317 subodoratum
734 2293 861 2324 quantum
878 2292 945 2314 esset
969 2287 1036 2313 inter
1051 2287 1102 2313 ista
1118 2285 1290 2316 discriminis,
1306 2291 1384 2318 quant
1398 2282 1562 2316 disparatum
1587 2283 1710 2318 loquendi

87 2351 178 2377 genus.
197 2341 266 2368 Nam
278 2341 368 2375 priora
380 2339 483 2375 quidem
497 2339 594 2373 scripta
607 2339 638 2365 de
651 2338 781 2365 Trinitate
794 2346 810 2364 a
828 2337 925 2363 Latino
947 2336 1074 2369 scriptore
1093 2334 1223 2361 adornata
1240 2333 1321 2367 fuisse
1334 2333 1515 2366 conspicuum,
1525 2332 1708 2377 primigenium

88 2376 157 2415 enim
171 2386 324 2413 Latinitatis
336 2385 434 2420 stylum
451 2386 556 2419 sapiunt
572 2392 580 2410 :
597 2384 638 2410 hic
655 2387 743 2410 anteiit
758 2382 834 2415 liber,
851 2386 881 2408 ut
897 2382 983 2416 primo
996 2383 1102 2414 aspectu
1117 2386 1191 2405 nemo
1203 2386 1255 2404 non
1268 2376 1420 2409 (estimabit,
1439 2381 1476 2403 est
1491 2376 1622 2410 inelegans
1636 2385 1710 2411 qna--

88 2437 150 2463 dant
164 2440 188 2462 et
201 2435 286 2461 minus
305 2438 431 2461 accurata
447 2433 529 2459 eet-sio
546 2432 607 2458 libri
632 2439 709 2466 quem
728 2439 774 2457 nos
793 2431 976 2457 incunctanter
996 2427 1142 2454 Athanasio
1161 2425 1329 2453 ascribimus.
1353 2423 1425 2450 Nam
1448 2428 1622 2458 praeterquam
1640 2425 1709 2459 quod

89 2489 129 2507 res
145 2484 184 2507 est
199 2479 335 2513 explorata
350 2482 373 2505 et
391 2477 470 2512 plana
486 2478 566 2512 fuisse
581 2485 613 2503 ex
625 2475 716 2503 Gra'co
734 2475 904 2507 translatum,
920 2479 944 2501 et
967 2481 982 2500 α
1002 2472 1093 2499 multis
1114 2476 1184 2498 retro
1201 2470 1305 2513 swculis
1325 2468 1420 2495 Latine
1435 2468 1582 2499 redditum,-
1606 2472 1709 2495 tantum

87 2523 156 2549 inest
170 2512 305 2557 affinitatis
322 2521 390 2547 inter
402 2529 461 2547 eum
475 2526 498 2547 et
512 2520 567 2546 alia
581 2519 610 2546 S.
630 2519 753 2545 Doctoris
767 2526 844 2552 opera
857 2526 915 2553 qua:
926 2518 955 2544 in
968 2524 1028 2543 vera
1042 2516 1094 2550 [ide
1107 2523 1138 2542 ea:
1151 2514 1267 2540 collectis
1283 2512 1426 2548 Scriptura:
1438 2513 1501 2540 locis
1516 2513 1709 2548 comprobanda

87 2575 240 2602 versantur,
253 2574 281 2595 ut
293 2577 360 2602 stupe
371 2569 450 2595 etiam
461 2568 572 2601 prolixa:
587 2566 687 2602 periodi
705 2565 738 2592 ad
754 2565 859 2592 uerbum
870 2573 932 2598 pene
948 2564 1000 2590 sint
1015 2563 1084 2589 inter
1098 2570 1125 2588 se
1141 2560 1295 2588 simillimw.
1318 2559 1392 2587 Certe
1410 2564 1470 2586 sunt
1491 2558 1633 2585 admodum
1649 2560 1710 2585 huic

88 2617 175 2651 afﬁnes
195 2615 321 2650 Epistolm
340 2615 372 2641 ad
389 2614 576 2648 Serapionem,
593 2613 658 2639 liber
675 2612 711 2640 De
725 2612 916 2639 incarnatione
932 2616 956 2638 et
970 2610 1073 2637 Contra
1088 2608 1215 2634 Arianos.
1233 2606 1349 2638 Quorum
1369 2605 1427 2631 loca
1448 2612 1497 2630 non
1513 2604 1591 2630 semel
1602 2605 1708 2651 quando

87 2660 289 2687 similitudinem
309 2659 424 2693 referunt
438 2659 597 2685 urinatamus
614 2657 648 2684 ad
673 2658 829 2692 marginem.
854 2655 894 2682 Ea:
910 2657 987 2682 modo
1000 2657 1061 2682 item
1082 2652 1202 2680 ordiendi
1216 2655 1400 2686 argumentum
1413 2659 1461 2685 pro
1476 2650 1622 2677 Athanasio
1637 2651 1709 2676 erui-

89 2712 132 2733 tur
145 2715 153 2733 :
166 2706 271 2740 quando
285 2705 416 2740 signiﬁcat
432 2708 525 2731 contra
537 2711 580 2729 eos
600 2710 651 2729 rem
668 2702 718 2728 sibi
736 2710 790 2728 esse
803 2701 849 2736 qui
864 2701 996 2734 Spiritum
1018 2703 1141 2726 sanctum
1163 2697 1278 2724 dicerent
1293 2704 1348 2723 esse
1365 2704 1418 2722 rem
1437 2699 1574 2722 creatam:
1589 2699 1613 2722 et
1627 2702 1707 2730 saga-

88 2753 153 2778 (iter
167 2751 204 2777 ait
222 2751 254 2777 iis
270 2750 412 2785 quidieant
432 2747 533 2775 Filium
554 2755 611 2774 esse
634 2751 796 2779 creaturam,
809 2754 1031 2781 supervacaneum
1048 2753 1104 2772 esse
1121 2743 1237 2778 Spiritus
1251 2742 1338 2769 sancti
1356 2743 1478 2768 deitatem
1495 2746 1708 2768 commonstrare.

89 2797 169 2829 Queis
184 2784 282 2823 indicat
295 2796 404 2822 luereses
419 2794 578 2821 Arianorum
595 2797 619 2819 et
640 2792 954 2818 Pneumatomacharum.
974 2789 1047 2816 Unde
1060 2788 1237 2822 eatiscriplum
1259 2790 1383 2821 putatnus
1406 2785 1501 2812 librum
1524 2789 1582 2819 post
1605 2784 1708 2812 Iuliani

90 2847 210 2874 murteta,
223 2849 292 2868 anno
308 2842 412 2868 circiter
427 2840 489 2873 365,
504 2848 555 2874 quo
567 2837 742 2874 grassabatur
757 2843 868 2872 utraque
883 2837 998 2864 liceresis.
