1939 3041
239 130 305 158 “Si

526 130 554 157 S.
572 128 760 157 ATHANASII
780 129 855 158 OPP.
875 129 967 158 βακε
984 129 994 155 1
1026 145 1059 150 ——
1077 128 1259 157 HISTORIC.\
1285 128 1328 156 ET
1345 128 1552 156 DOGMATICA.

1783 127 1847 156 “92

707 276 968 334 SANCTI
1011 274 1401 332 ATHANASII

363 421 542 465 LIBER
593 422 664 465 DE
716 420 1051 464 TRINITATE
1084 419 1158 462 ET
1197 392 1453 462 SPIlllTU'
1484 413 1733 461 SANCTO.

274 643 299 670 i.
320 643 368 670 [iis
383 642 428 677 qui
446 642 543 669 Filium
561 641 609 668 Der
634 644 755 667 creatum
770 647 832 666 esse
849 638 1021 674 proﬁtentur.
1038 630 1060 658 Α
1075 641 1174 672 omnia,
1189 645 1214 666 et
1240 648 1285 667 nos
1307 648 1352 674 per
1375 640 1460 675 ipsum
1471 642 1504 667 ⁷⁸.
1523 641 1575 668 Sed
1594 642 1723 676 quoniam
1748 649 1800 668 non
1820 646 1856 669 est

238 697 408 725 nequaquam
425 689 457 715 de
473 688 574 722 Spiritu
595 692 690 714 sancto
705 686 832 714 dabimus
848 693 1019 720 responsum.

239 735 272 762 Ut
285 735 357 762 enim
372 734 481 763 Filium,
499 733 544 768 qui
562 733 593 759 de
610 732 761 760 substantia
777 730 823 758 Dei
847 731 1022 766 impussibili-

239 788 278 809 ter
297 782 333 808 sit
353 781 470 816 genitus,
484 785 604 807 creatum
623 779 683 806 ausi
698 782 762 805 sunt
777 778 877 810 dicere,
894 777 931 804 ita
948 782 975 804 et
988 777 1022 804 de

239 826 340 861 Spiritu
357 830 452 853 sancto
468 825 563 852 dicunt
576 824 670 858 utique
693 822 793 850 similia
808 829 816 854 ;
832 822 1020 857 pmnitentiam

239 880 301 899 vero
326 871 438 903 acturis,
454 871 501 898 seti
520 870 554 898 de
570 869 639 897 Filio
656 869 763 896 interim
780 868 961 896 sentientibus
977 876 1022 895 re—

238 924 288 950 cie,
305 917 529 952 respondebimus
545 916 579 944 de
597 915 700 950 Spiritu
725 919 830 942 sancto.
848 914 955 942 Etenim
975 914 1022 941 de-

237 963 400 998 sperandum
422 967 474 995 est,
487 970 535 990 eos
564 962 610 996 qui
625 962 708 989 semel
722 962 755 988 de
771 960 974 996 irreligiositate
987 960 1021 987 ad

236 1010 392 1044 religionem
418 1007 542 1036 converti
566 1010 720 1042 coeperunt,
736 1006 769 1033 ad
783 1005 936 1042 perfectum
951 1005 1019 1032 lucri

235 1055 366 1083 converti.
380 1054 417 1081 Es
434 1053 584 1088 Scripturis
599 1061 666 1081 sane
682 1053 793 1085 divinis,
808 1057 836 1080 et
849 1060 904 1079 non
922 1060 954 1079 ex
968 1051 1020 1078 bu-

1077 684 1272 715 universitatis,
1289 685 1336 711 sed
1353 683 1494 712 Trinitatis
1521 686 1639 721 Spiritus
1663 691 1785 717 sanctus,
1805 695 1857 713 om-

1076 731 1121 756 nia
1138 730 1436 764 quzepostTrinitatem
1452 737 1526 764 sunt,
1541 741 1588 768 per
1601 732 1698 760 FIIlUlII
1713 733 1761 761 Dei
1772 738 1855 761 creata

1075 784 1135 804 esse
1153 777 1222 804 dixit
1237 777 1356 812 Spiritus
1373 783 1495 806 sanctus.

1110 822 1137 849 2.
1159 823 1247 851 Testis
1268 830 1358 851 autent
1376 829 1418 852 est
1435 825 1500 852 milii
1526 825 1700 853 beatissimus
1715 825 1816 853 Paulus
1832 826 1855 854 in

1076 869 1177 904 Spiritu
1204 876 1308 902 sancto,
1326 871 1387 903 hoc.
1405 872 1478 906 quod
1494 872 1585 899 omnia
1607 880 1654 907 per
1675 872 1776 900 Filium
1792 873 1855 900 facta

1074 916 1137 947 sint,
1151 917 1316 951 prophetans
1331 917 1357 944 in
1372 917 1491 952 Epistula
1504 918 1536 945 ad
1549 917 1726 946 Colossenses
1741 919 1853 953 scripta:

1074 961 1144 994 Quia
1158 963 1185 989 in
1196 963 1251 997 ipso
1260 962 1332 989 Filio
1344 969 1433 990 creata
1443 969 1504 990 sunt
1526 965 1614 991 omnia
1626 973 1684 1000 qua:
1697 965 1726 991 in
1741 965 1820 996 cwlis,
1834 970 1855 991 et

1071 1017 1130 1044 qua:
1147 1009 1174 1035 in
1186 1010 1272 1041 terris,
1282 1011 1337 1037 sive
1353 1010 1467 1038 visibilia
1486 1015 1510 1038 et
1529 1011 1682 1042 invisibilia,
1696 1012 1752 1038 sive
1764 1011 1853 1043 thruni,

1065 1055 1125 1081 ‘sive
1140 1054 1344 1088 dominationes,
1357 1057 1411 1083 sive
1431 1057 1607 1092 principatus,
1621 1059 1674 1085 sive
1694 1063 1832 1092 potestates
1846 1065 1855 1084 .'

235 1101 324 1128 mauis
342 1100 526 1135 intelligentiis
540 1100 592 1126 hoc
605 1103 656 1126 est.
672 1099 827 1126 istiusmodi
844 1099 924 1132 igitur
938 1097 1022 1124 ratio-
1040 1092 1060 1119 Β
1073 1101 1162 1127 omnia
1178 1109 1223 1135 per
1235 1102 1332 1136 ipsum,
1343 1107 1367 1129 et
1377 1104 1405 1130 in
1416 1103 1471 1138 ipso
1486 1103 1556 1138 facta
1567 1098 1673 1134 sunl.et
1687 1105 1744 1138 ipse
1756 1109 1855 1131 estante

234 1155 295 1174 nem
320 1151 449 1181 praestare
471 1153 581 1180 operam
597 1145 686 1173 daturi
701 1153 808 1172 sumus.
825 1144 910 1172 Dicite
929 1144 1018 1176 nobis,

234 1193 418 1224 altilil'ﬂlllit‘s,
441 1192 486 1221 ubi
514 1192 541 1218 in
569 1191 730 1221 auctoritate
756 1190 875 1226 legistis,
898 1195 1018 1217 creatum

234 1250 295 1271 esse
318 1242 449 1276 Spiritum
466 1239 613 1267 sanctum?
626 1237 771 1271 Joannem,
788 1235 926 1271 inquiunt,
940 1235 1019 1262 audi-

235 1290 323 1316 vimus
335 1291 363 1316 in
377 1287 523 1322 Erangclio
536 1286 670 1314 dicentem
687 1295 693 1311 :
711 1283 808 1311 Omnia
819 1291 865 1318 per
878 1283 963 1317 ipsum
975 1282 1019 1316 fa-

235 1341 278 1362 cta
295 1339 365 1367 sunt,
380 1339 403 1361 et
424 1335 480 1360 sine
494 1334 551 1368 ipso
569 1332 670 1367 factum
684 1336 723 1358 est
737 1330 801 1357 nihil
809 1330 842 1355 “.
859 1328 965 1362 Quibus
978 1328 1020 1356 di—

235 1383 324 1409 rimus
340 1390 347 1408 :
366 1380 394 1408 Si
413 1388 477 1415 ergo
500 1379 642 1406 audieritis
656 1383 682 1405 et
698 1376 781 1404 David
806 1377 833 1404 in
849 1383 932 1404 csvut
945 1375 1020 1411 psal-

235 1436 279 1455 mo
296 1428 323 1454 in
341 1426 441 1462 Spiritu
456 1429 551 1453 sancto
565 1425 698 1452 dicentem
718 1423 772 1451 Deo
788 1432 795 1450 :
812 1422 882 1455 Quia
898 1423 1020 1450 universa

236 1473 350 1500 serviunt
375 1472 421 1498 tibi
431 1471 472 1498 7°:
489 1479 596 1499 servum
619 1470 712 1505 utique
732 1477 795 1497 esse
818 1469 914 1496 dicetis
937 1469 1019 1496 etiam

238 1519 368 1554 Spiritum
383 1522 518 1551 sant-tum,
535 1518 582 1552 qui
598 1524 652 1543 non
664 1520 706 1543 est
718 1523 823 1548 servus,
835 1515 883 1543 sed
899 1515 979 1548 liber,
992 1520 1019 1542 et

235 1565 389 1593 liberaverit
412 1569 574 1595 creaturam,
599 1568 626 1590 et
648 1562 676 1590 in
704 1563 877 1598 adoptionem
900 1562 1019 1589 ﬁliorum

234 1620 294 1639 eam
310 1610 474 1646 promoverit
487 1609 521 1637 ad
536 1608 632 1636 Deum.
646 1609 700 1636 Aut
714 1617 766 1636 non
779 1608 893 1636 audistis
904 1608 1019 1636 Paulum

235 1657 268 1684 ad
291 1656 429 1683 Romanos
452 1654 615 1682 scribentem
632 1663 639 1681 :
656 1653 717 1680 Non
737 1654 874 1688 accepistis
896 1654 1020 1688 spiritum

234 1703 365 1730 servitutis
375 1701 503 1728 iterumin
516 1701 617 1734 timore,
626 1699 670 1727 sed
680 1701 816 1736 accepistis
827 1701 948 1735 spiritum
956 1701 1020 1726 ado-

234 1749 330 1782 ptionis
342 1748 468 1782 ﬁliorum,
480 1749 508 1774 in
515 1755 566 1783 quo
577 1747 743 1775 clamamus:
757 1747 841 1780 Abba,
856 1747 946 1774 Pater.
959 1745 1019 1781 Ipse

234 1795 342 1829 spiritus
359 1798 518 1821 contestatus
539 1799 577 1820 est
599 1793 704 1827 spiritui
722 1797 822 1824 nostra,
844 1792 906 1828 quia
928 1800 1019 1818 sumus

235 1840 305 1867 Filii
332 1840 419 1867 Dei“.
437 1839 470 1866 Et
484 1840 582 1866 iterum
596 1848 603 1866 :
619 1839 674 1866 Lex
693 1840 763 1866 enim
783 1839 894 1873 spiritus
915 1839 974 1865 vita:
993 1838 1020 1864 in

235 1888 339 1915 Christo
354 1887 417 1915 Iesu
429 1888 550 1915 liberavit
565 1896 605 1915 me
627 1896 642 1914 a
661 1887 717 1922 lege
736 1888 836 1922 peccati
848 1891 872 1914 et
884 1886 1019 1914 mortis".

236 1934 264 1962 Si
280 1943 343 1962 vero
361 1942 415 1962 non
431 1939 472 1962 est
486 1942 582 1962 servus
604 1933 723 1969 Spiritus
735 1939 857 1966 sanctus,
871 1934 942 1961 sicut
959 1941 1021 1968 pro-

234 1982 366 2009 baverunt
383 1981 539 2017 Scriptum,
556 1982 618 2016 quia
641 1982 730 2009 omnia
751 1982 865 2010 serviunt
891 1982 924 2013 ei,
948 1982 1020 2016 quod

234 2027 325 2054 omnia
343 2035 390 2062 per
404 2026 501 2054 Filium
524 2027 596 2054 facta
611 2031 685 2060 sunt,
699 2031 726 2054 et
749 2027 808 2054 sine
833 2027 892 2063 ipso
916 2027 1018 2055 factum

233 2077 276 2099 est
296 2071 502 2099 nihil":unus
525 2080 643 2107 namque
662 2076 721 2099 erat
740 2079 835 2099 eorum
856 2073 903 2108 qui
927 2073 1022 2100 audie-

233 2122 298 2144 runt
313 2116 478 2145 Salvatorem
496 2116 629 2144 dicentem
643 2127 649 2144 :
667 2117 729 2144 Non
745 2118 815 2144 enim
828 2127 872 2145 vas
890 2119 963 2151 estis,
976 2119 1021 2154 qui

233 2163 381 2198 loquimini,
393 2163 437 2190 sed
461 2162 577 2198 Spiritus
599 2163 688 2191 Patris
707 2165 796 2198 vestri,
811 2165 856 2199 qui
874 2165 975 2192 habitat
992 2165 1021 2192 in

233 2207 344 2236 vobis“.
362 2207 440 2235 Sicut
458 2213 485 2236 et
508 2207 604 2236 Petrus
630 2210 761 2242 scribens,
786 2210 844 2238 ait:
861 2210 927 2243 Qua:
951 2219 1021 2238 nunc

233 2255 356 2282 nuntiata
370 2260 431 2282 sunt
444 2256 524 2287 vobis,
535 2256 730 2288 euangelizante
749 2256 774 2283 in
786 2265 830 2283 vos
845 2255 947 2291 Spiritu
958 2265 1021 2285 san-

233 2306 274 2328 cto
295 2301 375 2328 misso
399 2309 412 2328 e
435 2301 545 2328 cadis".
560 2301 652 2335 itaque
668 2303 690 2329 si
705 2300 824 2337 Spiritus
840 2309 952 2332 sanctus
966 2308 1018 2336 est,

233 2347 280 2381 qui
296 2346 362 2374 dicit
376 2355 382 2373 :
400 2346 496 2373 Omnia
513 2355 559 2382 per
577 2346 679 2374 Filium
694 2347 766 2382 [acta
775 2353 847 2382 sunt,
859 2354 883 2376 et
894 2350 949 2376 sine
963 2350 1020 2384 ipsa

234 2393 333 2427 factum
344 2398 382 2420 est
394 2393 469 2426 nihil,
481 2398 637 2428 oportuerat
644 2394 753 2429 quidem
768 2395 867 2430 ipsum,
881 2395 1018 2431 siquidem

233 2444 341 2468 creatus
360 2445 443 2473 esset,
457 2440 547 2467 dicere
561 2449 568 2467 :
589 2439 686 2467 Omnia
703 2449 748 2476 per
759 2441 845 2476 ipsum
859 2441 930 2476 facta
945 2447 1018 2475 sunt,
1034 2453 1059 2483 υ

232 2491 259 2518 et
276 2494 327 2519 ego
342 2493 390 2522 per
405 2493 467 2513 eum
481 2484 569 2513 tactus
585 2493 657 2518 sum,
674 2490 702 2512 et
716 2485 775 2514 sine
798 2493 832 2514 eo
856 2486 957 2514 factum
979 2492 1020 2515 est

233 2533 310 2565 nihil.
324 2531 463 2568 quomodo
479 2531 647 2559 coiisuetudo
656 2530 818 2559 Sanctorum
832 2537 883 2560 est.
899 2532 938 2561 Ita
948 2533 1020 2562 Pau-

232 2580 276 2608 lus
289 2587 354 2608 sane
368 2579 402 2607 de
416 2586 457 2612 se,
472 2584 499 2607 et
520 2578 554 2606 de
570 2578 699 2606 omnibus
714 2579 816 2606 sanctis
829 2579 1017 2607 observantis-

231 2626 300 2653 sime
314 2625 410 2653 scribit
423 2634 430 2652 :
445 2623 528 2652 Nobis
540 2628 627 2652 autem
641 2632 708 2653 unus
719 2625 791 2653 Deus
804 2625 894 2659 Pater,
913 2634 945 2653 ea:
967 2635 1018 2662 quo

231 2673 330 2703 omnia.
341 2679 365 2699 et
384 2681 452 2699 unus
474 2671 603 2700 Dominus
618 2672 696 2700 Jesus
722 2672 854 2705 Christus,
874 2681 920 2708 per
942 2682 1018 2707 quem

268 2760 290 2776 "
307 2760 386 2788 Jnan.
399 2768 418 2794 ι,
431 2761 459 2788 5.
495 2762 518 2778 ⁷ο
535 2761 607 2789 Psal.
620 2770 712 2795 cxrtn,
729 2763 773 2790 9i.

231 2839 290 2864 vui,
307 2829 349 2857 l0.
388 2831 409 2847 ⁸³
432 2831 495 2859 ibid.
511 2833 553 2859 ll.

811 2763 833 2778 '“
854 2761 933 2792 Rom.
950 2763 1127 2796 νιιι,15,16.

231 2794 271 2822 "l
290 2795 362 2838 Pplt‘r.
379 2796 466 2838 ιέιιξη
479 2831 485 2838 ἱ
497 2797 521 2838 ’ξ
532 2797 548 2838 ll
565 2797 627 2824 Cor.
643 2806 703 2832 Vlll,
715 2798 741 2825 6.
779 2799 801 2814 ⁷⁷
822 2798 927 2828 Coloss.
944 2807 964 2832 ι,
978 2801 1011 2827 16

1072 2820 1078 2827 .
1116 2802 1138 2817 ⁷⁸
1158 2801 1219 2830 Psal
1243 2811 1355 2838 cxmn,
1373 2794 1493 2832 l-57.wiv’-
1508 2794 1531 2832 ll
1542 2794 1603 2833 (Sor.
1620 2794 1700 2838 "1,3.

1073 1146 1269 1174 onmia".Non
1285 1148 1364 1180 dixit,
1380 1148 1436 1176 sive
1446 1149 1564 1183 Spiritus
1579 1154 1701 1177 sanctus.
1719 1150 1854 1177 Psalmista

1073 1200 1137 1220 vero
1147 1193 1229 1221 David
1244 1194 1271 1221 in
1285 1202 1385 1222 CXLVIII
1394 1195 1498 1229 psalmo
1508 1195 1533 1222 in
1543 1195 1645 1230 Spiritu
1657 1197 1756 1223 iterum
1768 1201 1854 1223 sancto

1074 1238 1211 1274 imperans
1219 1239 1349 1267 universa:
1357 1245 1488 1268 creaturae
1499 1240 1609 1268 laudare
1616 1240 1713 1268 Domin
1719 1249 1774 1273 um,
1782 1241 1853 1268 dicit:

1073 1282 1193 1310 Laudate
1204 1283 1348 1311 Dominum
1365 1285 1397 1312 de
1413 1285 1495 1318 caelis,
1505 1285 1614 1314 laudate
1623 1294 1682 1313 eum
1699 1287 1729 1314 in
1740 1286 1852 1314 excelsis.

1073 1329 1194 1357 Laudate
1204 1338 1272 1364 eum,
1289 1339 1376 1358 omnes
1392 1332 1479 1366 angeli
1490 1332 1556 1366 ejus,
1570 1332 1678 1360 laudate
1689 1341 1761 1364 eum,
1774 1341 1854 1360 omnes

1073 1375 1182 1402 virtutes
1191 1375 1259 1410 ejus.
1271 1375 1392 1404 Laudate
1404 1385 1474 1410 eum,
1485 1377 1525 1404 sol
1539 1383 1563 1404 et
1575 1377 1639 1405 luna
1649 1386 1658 1409 ;
1669 1378 1854 1411 laudatecum,

1073 1430 1161 1449 omnes
1173 1422 1258 1449 stellrc
1272 1428 1297 1449 et
1319 1423 1415 1450 lumen.
1432 1422 1552 1451 Luudate
1566 1433 1637 1457 eum,
1652 1424 1711 1452 ειειί
1726 1425 1854 1457 caelorum,

1073 1475 1095 1497 et
1111 1478 1186 1505 aqua:
1201 1479 1259 1505 qua:
1275 1479 1353 1505 super
1366 1471 1443 1498 (celos
1451 1475 1523 1503 sunt,
1535 1472 1641 1498 laudent
1656 1480 1752 1499 nomen
1769 1472 1854 1499 Domi-

1073 1516 1140 1548 ni",
1156 1520 1207 1543 etc.
1232 1516 1373 1550 indignum
1398 1516 1476 1544 duxit
1496 1525 1577 1551 super
1598 1517 1642 1544 his
1663 1525 1856 1545 connumerare

1074 1561 1205 1597 Spiritum
1219 1560 1356 1595 sanctum,
1371 1568 1398 1591 et
1408 1563 1499 1592 dicere
1514 1573 1521 1591 :
1538 1563 1642 1591 Laudet
1663 1573 1727 1593 eum
1744 1565 1855 1600 Spiritus

1073 1612 1202 1640 sanctus;
1217 1608 1280 1643 quia
1296 1608 1506 1642 laudandorum,
1517 1615 1542 1637 et
1555 1618 1607 1637 non
1623 1610 1794 1638 laudantium
1806 1617 1852 1644 est,

1073 1653 1302 1688 quemadmodum
1315 1655 1396 1689 paulo
1407 1660 1468 1690 post
1479 1656 1505 1682 in
1516 1655 1664 1691 Sct‘ipturis
1672 1658 1853 1691 probabimus;

1073 1705 1100 1728 et
1109 1700 1322 1734 'vivilicantium,
1337 1706 1364 1729 et
1378 1709 1433 1729 non
1449 1702 1644 1730 viviﬁcantium
1670 1703 1854 1740 [viviticando’

1073 1746 1145 1782 rum]
1161 1751 1212 1779 est,
1229 1747 1283 1774 vita
1302 1755 1363 1775 eum
1386 1747 1431 1781 sit,
1447 1749 1518 1776 sicut
1531 1749 1632 1777 Paulus
1648 1751 1674 1777 in
1690 1751 1808 1778 secunda
1822 1750 1852 1777 ad

1072 1793 1229 1821 Corinthios
1246 1793 1377 1829 Epistula,
1396 1795 1435 1822 ait
1451 1794 1525 1833 :.Sed
1545 1796 1700 1830 su/ﬁciemia
1718 1802 1804 1824 nastru
1824 1803 1853 1822 es

1071 1839 1126 1866 Deo
1143 1847 1192 1873 est,
1206 1840 1252 1875 qui
1266 1845 1290 1867 et
1301 1841 1407 1868 idoneos
1427 1849 1473 1868 nos
1491 1842 1553 1876 fecit
1569 1843 1704 1870 ministras
1721 1843 1788 1870 Navi
1810 1843 1851 1869 Te-

1071 1887 1206 1920 stamenti,
1221 1895 1272 1913 non
1287 1886 1388 1920 littera,
1403 1887 1448 1914 sed
1465 1889 1570 1922 spiritu.
1588 1888 1690 1916 Littera
1703 1891 1772 1916 enim
1789 1889 1850 1919 orci-

1071 1931 1119 1963 dit,
1144 1932 1251 1966 spiritus
1269 1937 1357 1959 autent
1385 1934 1539 1968 civiﬁcat".
1560 1934 1600 1962 Ad
1615 1934 1755 1964 Romanos
1771 1943 1829 1963 vero
1844 1944 1850 1962 ε

1071 1976 1171 2011 Corpus
1186 1978 1289 2012 quidem
1309 1984 1441 2006 mortuum
1454 1986 1492 2007 est
1506 1986 1610 2016 propter
1620 1987 1767 2016 peccatum,
1779 1982 1851 2017 spiri-

1071 2029 1113 2050 tus
1137 2029 1223 2051 autem
1245 2025 1308 2052 vivit
1327 2033 1433 2061 propter
1450 2027 1620 2059 iustitiam“.
1636 2029 1670 2057 Et
1687 2031 1784 2059 iterum
1802 2041 1808 2058 :
1823 2030 1851 2057 Si

1071 2072 1158 2094 autent
1178 2068 1293 2103 Spiritus
1312 2071 1380 2106 ejus,
1402 2073 1446 2107 qui
1463 2074 1599 2101 suscitavit
1616 2074 1709 2102 .Iesum
1725 2077 1850 2103 Christum

1070 2121 1087 2138 a
1102 2114 1223 2146 mortuis,
1241 2115 1343 2143 habitat
1357 2117 1383 2144 in
1400 2119 1481 2152 vobis,
1497 2120 1637 2155 viviﬁcabit
1649 2126 1736 2148 autem
1748 2128 1771 2149 et
1787 2130 1850 2148 mar-

1072 2160 1136 2187 talia
1150 2169 1261 2196 corpora
1274 2169 1361 2190 vestra
1374 2173 1420 2199 per
1437 2165 1627 2193 inhabitanlem
1636 2167 1767 2203 Spiritum
1781 2176 1851 2195 suum

1070 2208 1097 2234 in
1112 2209 1182 2235 vobis
1193 2208 1226 2236 ⁸¹.
1248 2208 1314 2237 Tres
1328 2219 1437 2247 quoque
1458 2213 1544 2240 sancti
1561 2219 1705 2249 martyres,
1725 2214 1850 2244 Ananias.

1071 2254 1183 2281 Azarias
1201 2260 1228 2282 et
1251 2255 1345 2284 Misael
1365 2257 1392 2284 in
1418 2257 1528 2286 fornace
1550 2259 1619 2293 ignis
1637 2261 1718 2295 positi
1735 2262 1763 2288 in
1788 2266 1851 2288 terra

1071 2299 1272 2334 Chaldmorum,
1288 2310 1349 2329 cum
1365 2303 1560 2332 admirabiliter
1573 2305 1643 2333 Deus
1655 2307 1773 2335 calorem
1789 2306 1851 2343 ignis

1071 2347 1105 2374 ad
1122 2352 1299 2382 temperatum
1316 2349 1486 2385 refrigerium
1501 2353 1692 2387 convertisset,
1703 2354 1850 2382 universam

1071 2398 1225 2421 creaturam
1243 2395 1420 2424 adhortantes
1432 2405 1524 2425 secum
1536 2398 1646 2426 laudare
1657 2399 1755 2433 Deum.
1771 2401 1809 2428 sic
1819 2400 1850 2427 in-

1070 2440 1193 2475 cipiunt:
1208 2441 1367 2475 Benedicite,
1385 2444 1473 2470 omnia
1497 2452 1576 2479 opera
1594 2445 1711 2480 Domini,
1729 2447 1850 2476 Domino;

1071 2485 1178 2513 laudate
1198 2493 1223 2515 et
1243 2489 1437 2523 superexaltate
1451 2497 1508 2516 eum
1530 2491 1557 2516 in
1573 2491 1681 2518 saecula.
1695 2491 1849 2523 Benedicite,

1071 2533 1138 2567 caeli,
1149 2534 1303 2567 Dominum;
1315 2537 1440 2570 hymnum
1454 2536 1542 2568 dicite,
1551 2542 1575 2563 et
1591 2539 1785 2573 superemultate
1799 2547 1850 2566 eum

1069 2579 1097 2606 in
1110 2581 1386 2614 sazcula.Benedicite,
1398 2583 1494 2618 angeli,
1506 2584 1647 2612 Dominum
1657 2594 1666 2617 ;
1677 2586 1801 2621 hymnum
1813 2586 1849 2611 ὀί·
1863 2590 1865 2592 ’

1070 2627 1130 2659 cite,
1137 2631 1161 2654 et
1172 2628 1366 2662 superexaltate
1375 2638 1434 2656 eum
1449 2631 1476 2656 in
1486 2631 1594 2658 alecula.
1603 2631 1762 2662 Benedicite,
1772 2639 1850 2667 aqua,

1068 2681 1127 2708 quia
1139 2683 1216 2709 super
1231 2675 1307 2702 caelos
1322 2681 1393 2709 sunt,
1412 2676 1570 2711 Dominum;
1585 2678 1708 2713 hymnum
1724 2679 1814 2710 dicite,
1828 2686 1849 2712 ει

1183 2767 1205 2781 τ’
1219 2767 1323 2795 ibid.2.
1373 2769 1396 2784 ⁷³
1415 2768 1493 2796 Joan.
1514 2778 1531 2800 l,
1547 2771 1573 2797 5.
1612 2770 1634 2785 ⁷⁸
1654 2770 1747 2798 Matth.
1765 2779 1791 2800 Χ.
1808 2768 1847 2796 10.

1739 2806 1762 2822 ³⁸
1771 2805 1847 2832 Rom.

1373 2769 1396 2784 ⁷³
1415 2768 1493 2796 Joan.
1514 2778 1531 2801 l,
1547 2771 1573 2797 5.
