1939 3041
72 180 141 211 “93

556 182 600 209 DE
619 180 807 209 TRINITATE
827 180 871 207 ET
890 180 1028 208 SPlRlTU
1050 179 1196 208 SANCTC.

1615 180 1684 209 HN

71 241 264 277 superexaltate
272 249 329 268 eum
345 241 370 267 in
385 241 489 268 uetula.
504 241 663 272 Denedicite,
673 241 754 277 ⁸174
762 249 849 268 omnes
865 243 887 272 Α
902 248 966 276 ergo
983 248 1070 275 neque
1083 239 1154 267 Deus
1169 239 1304 271 Salvator,
1318 238 1374 274 jam
1385 242 1517 274 quantum
1530 238 1563 265 ad
1577 246 1623 266 vos
1631 244 1685 273 est,

71 287 181 314 uirtutes
192 286 308 317 Domini,
318 286 474 318 Dominum;
487 286 609 321 hymnum
620 286 710 318 dicite,
724 291 749 313 et
764 295 853 321 super—

71 331 187 359 eultate
198 339 255 358 eum
265 331 292 358 in
307 331 414 358 stecula.
428 330 586 364 Benedicite,
594 331 633 358 sol
644 336 668 358 et
682 331 754 365 luna,
765 331 855 358 Domi-

72 385 152 408 num;
161 377 285 411 hymnum
292 376 380 409 dicite,
388 382 412 403 et
418 377 607 411 superexaltate
615 385 672 404 eum
681 377 709 404 in
716 378 813 405 uetula
819 378 853 406 ".

73 423 107 449 Et
122 423 148 449 in
163 422 392 457 consequentibus
409 422 569 457 semetipsos
583 422 616 449 ad
628 422 831 451 hocincitantes
848 432 854 450 :

74 468 231 500 Benedicite,
249 468 364 500 Anania,
379 468 479 495 Azaria
487 473 511 495 et
520 467 624 500 Misael,
636 468 785 500 Dominum;
795 469 856 495 lau-

74 514 135 541 date
148 519 172 541 et
186 513 378 549 superexaltatc
398 522 457 541 eum
479 514 508 541 in
531 514 669 541 uacula".
693 514 726 541 Et
749 522 855 542 omnem

74 565 226 588 creaturam
235 560 393 587 benedicere
406 559 519 587 Domino
530 567 621 587 secum
633 560 783 592 hortantes,
802 568 855 587 non

74 603 347 632 dicuntzﬂenedicat
371 603 516 630 Dominum
543 607 570 631 et
589 603 705 638 Spiritus
727 608 855 635 sanctus;

76 651 124 678 sed
147 655 174 678 et
197 649 273 678 Isaiae
295 649 431 684 seraphim
455 650 571 677 astantia
592 653 621 678 et
642 649 778 677 laudantia
799 650 855 678 visa

77 699 141 722 sunt
155 703 162 721 :
177 699 204 722 et
217 693 414 730 Ezechieliﬁb)
425 694 564 722 cherubim
579 694 674 722 subtus
685 695 797 731 gloriam
809 695 855 723 Dei

77 740 178 768 Israel.-

111 787 138 814 3.
158 787 225 814 Cum
250 786 450 814 evidentissime
471 794 537 822 ergo
559 787 644 815 sancti
669 787 782 815 ﬁdeliter
802 795 855 815 non

73 838 317 859 connumerassent
339 832 392 865 his,
410 839 471 867 quae
494 840 542 867 per
565 833 664 860 Filium
689 833 758 861 facta
781 839 856 867 sunt,

76 876 207 912 Spiritum
231 880 365 909 sanctum,
381 876 428 904 sed
453 876 551 911 ubique
568 877 770 912 Scripturarum
788 877 857 904 divi-

75 931 172 951 narum
187 923 348 950 auctoritate
361 929 423 949 cum
444 921 524 949 Patre
537 927 565 950 et
579 922 647 950 Filio
662 930 724 950 eum
741 922 856 957 professi

74 969 192 999 fuissent
205 978 211 995 :
227 975 312 1003 quare
326 975 381 994 non
395 967 491 995 timent
507 967 563 1001 isti,
579 967 652 995 Patri
670 972 697 996 et
709 968 778 995 Filio
792 969 857 996 sub-

74 1017 193 1048 trahere,
206 1018 233 1042 et
243 1014 412 1042 universitati
425 1015 562 1042 audaciter
573 1015 789 1042 connumerare?
805 1013 856 1042 Sed

75 1062 186 1093 Paulus.
207 1060 295 1092 aiunt,
309 1060 436 1088 Eeclesiis
452 1059 498 1087 Dei
513 1068 519 1086 :
538 1058 631 1086 Gratia
645 1058 715 1086 vobis
735 1063 760 1085 et
775 1066 827 1093 pas:
841 1067 857 1085 a

75 1108 129 1135 Deo
143 1107 233 1140 Patre,
249 1110 275 1134 et
289 1105 402 1134 Domino
416 1105 479 1133 Jesu
495 1105 599 1132 Christo
609 1104 649 1132 ":
664 1111 718 1132 non
730 1104 796 1132 dicit
809 1112 858 1132 au-

74 1158 129 1180 tem
139 1173 147 1186 ,
162 1157 189 1179 et
201 1152 302 1188 Spiritu
317 1156 423 1180 sancto.
433 1151 466 1178 Et
480 1151 512 1178 ad
520 1150 776 1179 Thessalonicenses
791 1151 858 1178 scri-

74 1198 142 1226 bens
155 1198 220 1225 dicit
236 1207 242 1226 :
261 1197 321 1233 Ipse
335 1203 423 1224 autem
439 1197 508 1224 Deus
524 1196 614 1229 Pater,
625 1201 650 1224 et
668 1196 796 1224 Dominus
811 1205 860 1223 no-

74 1251 128 1272 ster
141 1244 218 1272 Iesus
232 1244 352 1272 Christus
367 1244 467 1279 dirigat
481 1243 551 1270 viam
573 1248 693 1270 nostram
717 1243 752 1270 ad
771 1251 814 1270 vos
822 1243 856 1270 ⁸⁸.

74 1289 133 1317 Non
145 1290 248 1323 dicens,
261 1295 288 1318 et
301 1289 418 1325 Spiritus
431 1294 553 1321 sanctus,
569 1287 711 1316 manifeste
727 1296 788 1316 eum
803 1297 857 1317 non

74 1342 137 1362 cum
151 1334 229 1362 Patre
242 1339 269 1362 et
284 1334 364 1366 Filio,
384 1334 431 1362 sed
447 1341 509 1361 cum
525 1333 701 1361 universitate
716 1341 778 1361 eum
796 1342 859 1369 pro-

75 1379 183 1407 nuntiat
199 1389 206 1407 :
223 1387 287 1407 nam
306 1384 332 1407 et
349 1379 467 1408 famulus
488 1378 535 1406 Dei
557 1378 644 1406 Moses
664 1379 750 1406 dicit:
766 1379 860 1406 Domi-

75 1432 125 1451 nus
137 1424 204 1459 pluit
220 1433 237 1451 a
250 1424 363 1452 Domino
381 1425 413 1451 de
425 1424 490 1450 ctelo
502 1423 612 1458 sulphur
625 1427 650 1450 et
663 1423 748 1457 ignem
755 1423 779 1439 ⁸⁸
789 1432 796 1449 :
805 1431 860 1450 non

77 1474 210 1497 memorat
226 1469 357 1505 Spiritum
374 1474 509 1497 sanctum.
526 1469 548 1495 Δ
567 1475 622 1503 quo
636 1473 663 1496 et.
674 1468 775 1496 Paulus
797 1477 858 1497 cum

75 1515 229 1547 didicisset,
244 1520 270 1542 et
284 1516 317 1543 de
327 1515 496 1550 Onesiphoro
512 1514 546 1542 ad
561 1513 732 1542 Timotheum
744 1515 838 1542 scribit
851 1524 858 1542 :

76 1558 127 1587 Det
142 1559 166 1586 ei
177 1559 303 1587 Dominus
319 1560 433 1587 invenire
449 1559 658 1586 misericordiam
675 1567 690 1586 [ι
705 1559 817 1586 Domino
831 1560 858 1586 in

75 1605 120 1632 die
132 1605 180 1632 illa
188 1605 221 1632 ³⁷.
239 1605 349 1633 Necnon
365 1609 392 1633 et
407 1606 433 1633 in
448 1605 542 1633 Exodo
559 1605 690 1640 scriptum
703 1610 745 1633 est
759 1615 766 1633 :
783 1605 859 1633 Dixit

75 1654 166 1678 autem
181 1650 309 1678 Dominus
329 1651 364 1678 ad
380 1650 480 1678 Mosem
495 1659 505 1678 .·
515 1651 695 1686 λριιοαάιωᾳιιε
714 1660 765 1678 non
780 1653 859 1680 vultis

77 1695 171 1723 audire
191 1697 317 1724 mandata
338 1706 405 1730 mea,
419 1702 443 1724 et
469 1697 585 1732 legitima
604 1705 662 1725 mea
675 1698 861 1726 considerare?

77 1740 141 1768 Non
155 1741 284 1768 Dominus
298 1742 367 1769 Deus
381 1743 453 1770 dedit
470 1742 540 1770 vobis
555 1742 634 1769 istum
652 1742 722 1770 diem
738 1742 859 1770 Sabbati.

76 1787 220 1822 Propterea
242 1788 295 1822 ipse
317 1789 389 1816 dedit
401 1788 471 1816 vobis
483 1797 562 1824 panes
576 1789 658 1816 duum
669 1789 811 1817 dierum”.
827 1789 861 1818 Et

75 1835 124 1862 hic
139 1842 201 1863 cum
215 1834 304 1863 Patris
320 1839 347 1862 et
360 1835 421 1862 Filii
437 1835 544 1863 fecisset
559 1836 733 1870 mentionem,
749 1836 781 1864 de
797 1836 859 1872 Spi-

75 1880 132 1908 ritu
154 1886 249 1908 sancto
266 1881 359 1908 tacuit.
375 1880 496 1916 Denique
510 1885 538 1909 et
560 1881 706 1910 Zacharias
727 1882 859 1917 propheta

75 1926 143 1955 dicit
159 1935 167 1954 :
185 1926 219 1953 Et
234 1927 302 1954 dixit
318 1927 444 1955 Dominus
466 1927 500 1954 ad
514 1927 649 1955 diabolum
663 1935 673 1955 :
694 1927 815 1963 Increpet
832 1930 860 1956 in

76 1976 103 1998 te
115 1971 252 2005 Dominus,
266 1972 405 2000 diabole”.
422 1972 472 2000 Ubi
483 1977 559 2001 estet
573 1981 644 2001 nunc
657 1979 684 2002 et
697 1975 768 2009 apud
778 1975 859 2002 istum

76 2015 194 2051 Spiritus
209 2017 337 2045 sanctus?
349 2018 435 2051 Quem
452 2023 541 2046 autem
555 2027 608 2046 non
621 2020 741 2048 movebit
757 2021 860 2048 instru-
878 2039 881 2043 ~

75 2061 131 2089 ctio
154 2064 334 2097 sacramenti,
356 2069 435 2098 prout
457 2063 589 2092 Dominus
606 2065 752 2094 conﬁtetur
768 2075 775 2094 :
791 2066 857 2094 Iltec

75 2115 117 2136 est
135 2114 222 2136 autem
236 2110 290 2137 uita
304 2115 449 2144 ceterna,ut
463 2117 619 2145 cognoscant
634 2117 658 2138 te
672 2112 758 2139 solum
770 2121 858 2140 verum

76 2153 172 2188 Deum,
188 2159 214 2182 et
235 2163 310 2190 quem
331 2156 428 2182 misisti
447 2155 540 2183 Jesum
562 2156 736 2191 Christum”,
749 2165 811 2186 cum
826 2159 860 2187 de

78 2199 180 2235 Spiritu
190 2201 258 2228 nihil
270 2201 402 2229 dixisset?
413 2201 514 2230 Paulus
529 2207 630 2235 autem,
642 2211 704 2230 cum
718 2204 859 2232 didicisset

903 285 988 314 Filius
1002 286 1049 314 Dei
1065 285 1092 312 in
1107 284 1278 313 confessione
1293 285 1409 317 dicitur;
1427 289 1474 312 aut
1495 285 1517 313 si
1543 285 1684 313 audieritis

904 332 1002 359 iterum
1017 339 1080 360 eum
1094 331 1226 359 dicentem
1241 340 1247 358 :
1266 330 1352 358 Testes
1371 332 1434 358 estis
1453 339 1507 364 vos,
1522 332 1546 358 si
1560 336 1597 358 est
1614 331 1684 366 Deus

904 384 999 413 prater
1011 377 1149 409 me‘",non
1162 377 1218 413 jam
1232 377 1316 405 Deum
1329 385 1390 405 esse
1399 377 1552 418 Filium.Et
1565 377 1664 406 iterum
1676 387 1684 406 :

905 423 961 458 Ego
976 424 1077 458 primus
1092 427 1116 450 et
1130 431 1176 458 ego
1191 428 1292 458 postea,
1301 427 1325 450 et
1334 428 1428 458 praeter
1442 431 1482 450 me
1495 423 1564 450 Deus
1576 431 1626 450 non
1636 429 1685 451 est.

907 467 945 494 Tu
960 473 1046 494 autem
1061 476 1110 494 non
1126 469 1195 495 nosti
1222 476 1272 500 me,
1288 469 1351 503 quia
1366 476 1412 504 ego
1424 468 1550 495 Dominus
1570 469 1648 502 Deus,
1661 474 1687 496 et

905 522 958 540 non
976 518 1014 540 est
1038 513 1107 541 alius
1129 518 1224 548 prteter
1247 522 1295 540 me.
1312 512 1368 549 Ego
1384 513 1523 547 Dominus,
1538 519 1562 542 ct
1584 522 1634 541 non
1648 521 1688 542 est

906 559 1018 593 amplius
1027 559 1059 586 ".
1075 558 1152 592 Quod
1168 559 1190 586 si
1205 559 1344 586 audieritis
1360 562 1387 587 et
1409 567 1455 594 per
1475 558 1534 587 Joel
1553 559 1686 588 dicentem

906 604 989 632 Deum
1003 614 1010 631 τ
1024 604 1058 631 Et
1073 605 1311 640 cognoscetis,quia
1321 613 1367 640 ego
1380 605 1408 632 in
1423 605 1507 632 medio
1522 604 1607 632 Israel
1618 613 1687 632 sum.

907 649 962 685 Ego
977 649 1104 677 Dominus
1122 649 1191 676 Deus
1207 641 1298 683 vestier,
1311 655 1336 677 et
1357 657 1408 677 non
1427 655 1465 677 est
1488 650 1602 685 amplius
1618 650 1688 677 alius

905 699 1001 728 preter
1017 695 1101 727 me";
1119 699 1146 721 et
1158 694 1224 722 alias
1240 694 1307 722 tales
1321 694 1530 722 innumerabiles
1543 694 1689 729 professio-

907 746 956 766 nes
977 739 1131 766 divinarum
1157 738 1357 773 Scripturarum
1382 746 1443 766 cum
1472 739 1623 770 audieritis,
1639 747 1688 766 nec

907 785 1005 813 Filium
1023 785 1115 820 utique
1131 784 1232 812 dabitis
1252 784 1306 812 Deo
1321 785 1528 813 connumerari?
1546 784 1578 813 Et
1589 785 1688 821 quibus

907 837 971 859 ante
988 831 1166 859 consensistis
1183 830 1331 866 Scripturis
1344 830 1446 858 dixisse
1461 831 1494 858 de
1509 829 1589 858 Patre
1601 835 1628 858 et
1643 831 1689 858 Fi-

907 877 954 910 lio,
967 877 1062 904 iisdem
1078 884 1150 904 nunc
1161 877 1297 904 contraria
1312 876 1349 903 ita
1362 883 1422 903 esse
1432 875 1543 903 dicetis?
1553 875 1607 903 Aut
1619 884 1689 903 nun-

907 923 971 959 quid
987 923 1043 950 haac
1057 930 1111 950 non
1125 927 1190 951 sunt
1199 922 1400 958 Scripturarum
1415 922 1497 949 verba
1509 942 1517 954 ,
1533 922 1581 950 scd
1595 921 1690 949 adver-

907 974 1001 998 santur
1013 969 1075 1002 sibi,
1085 969 1234 998 secundum
1248 977 1306 1001 vos,
1314 970 1412 997 divina:
1421 969 1588 1004 Scriptum?
1601 969 1688 996 Absit:

908 1015 960 1044 Sed
974 1016 1036 1044 licet
1049 1016 1223 1051 singulariter
1235 1016 1323 1044 sancti
1338 1016 1484 1051 loquantur
1505 1016 1588 1044 unius
1605 1015 1690 1043 nomi-

907 1063 950 1090 nis
973 1063 1119 1095 mentione,
1132 1062 1159 1090 id
1183 1067 1225 1090 est
1251 1061 1349 1095 Patris,
1363 1062 1405 1089 vel
1424 1061 1495 1094 Filii,
1510 1063 1552 1089 vel
1572 1061 1690 1097 Spiritus

907 1107 1004 1140 sancti,
1021 1108 1047 1135 in
1067 1115 1122 1135 uno
1136 1112 1226 1134 tamen
1245 1106 1354 1134 nomine
1365 1105 1524 1134 Trinitatem
1541 1106 1568 1133 in
1584 1114 1614 1134 se
1626 1114 1691 1141 pro-

908 1153 1033 1180 nuntiare
1058 1153 1157 1185 sciunt,
1179 1152 1251 1188 quod
1274 1151 1420 1180 novissime
1445 1151 1632 1187 probabimus.
1656 1151 1690 1180 Ut

907 1198 979 1225 enim
991 1198 1033 1226 ha
1044 1197 1227 1233 professiones
1242 1197 1341 1225 Filium
1355 1204 1408 1225 non
1419 1197 1568 1225 excludunt
1582 1197 1617 1225 ab
1630 1198 1691 1225 uni-

907 1243 1071 1274 tate'Patris,
1082 1244 1136 1271 imo
1148 1247 1176 1271 et
1188 1243 1318 1279 Spiritum
1329 1248 1452 1271 sanctum
1464 1247 1689 1270 connumeratum

907 1287 982 1315 Patri
995 1293 1023 1315 et
1036 1287 1105 1316 Filio
1116 1289 1265 1321 continent,
1281 1288 1509 1323 quemadmodum
1523 1289 1549 1315 in
1565 1287 1691 1324 Scripzu-

909 1334 948 1362 ris
971 1335 1073 1363 sanctis
1097 1334 1309 1362 monstravimus
1324 1343 1330 1361 :
1347 1335 1386 1362 sic
1401 1342 1450 1362 nec
1462 1341 1524 1362 cum
1545 1334 1650 1362 Patrem
1665 1339 1692 1362 et

908 1379 1007 1410 Filium
1041 1381 1183 1409 nominant
1207 1379 1376 1415 Scriptura,
1403 1379 1533 1414 Spiritum
1561 1384 1690 1415 tanquam

909 1431 1029 1455 creatum
1046 1426 1214 1454 universitati
1231 1429 1436 1453 conuumerant.
1454 1425 1580 1460 Alioquin
1597 1433 1691 1461 quem-

909 1473 1054 1501 admodum
1073 1472 1106 1500 de
1119 1472 1199 1499 Patre
1213 1477 1240 1498 et
1256 1470 1325 1499 Filio
1340 1471 1431 1499 dicitis
1447 1474 1474 1498 ct
1491 1471 1634 1499 ostenditis
1650 1471 1691 1498 di-

909 1525 971 1545 cere
986 1517 1150 1552 Scripturas,
1165 1517 1326 1544 arbitrantes
1348 1523 1404 1544 non
1424 1516 1615 1544 connumerari
1628 1524 1690 1544 cum

911 1564 989 1591 Patre
1003 1568 1030 1591 et
1041 1563 1111 1591 Filio
1126 1562 1256 1598 Spiritum
1272 1566 1408 1594 sanctum,
1427 1562 1450 1590 si
1464 1562 1604 1590 audieritis
1618 1562 1691 1590 Scri-

911 1614 1004 1645 pturas
1029 1609 1193 1636 mentionem
1220 1607 1350 1636 facientes
1373 1607 1421 1635 Dei
1440 1612 1467 1635 et
1481 1607 1612 1642 Spiritus,
1627 1608 1691 1642 quid

909 1656 987 1683 eritis
1003 1654 1120 1682 facturi?
1146 1653 1217 1682 Dicit
1240 1661 1306 1682 sane
1327 1654 1440 1688 Aggteus
1454 1652 1585 1688 propheta
1600 1661 1608 1680 :
1622 1653 1681 1685 Qua

910 1705 1014 1737 propter
1024 1709 1070 1736 ego
1080 1708 1138 1727 sum
1150 1700 1292 1732 vobiscum,
1301 1698 1365 1725 dicit
1378 1697 1506 1725 Dominus
1517 1697 1690 1732 omnipotens,

910 1753 934 1775 et
944 1747 1058 1781 Spiritus
1073 1753 1144 1773 meus
1155 1749 1256 1772 constat
1264 1745 1291 1771 in
1299 1743 1383 1771 medio
1398 1742 1550 1770 uestrum".
1560 1742 1691 1770 Conside-

909 1797 969 1821 rate
982 1799 1058 1826 εει-κο,
1072 1791 1118 1819 ubi
1132 1791 1240 1826 ponatis
1256 1790 1353 1817 Filium
1368 1797 1376 1816 :
1393 1795 1457 1817 ecce
1471 1787 1544 1816 enim
1564 1788 1690 1822 omnipo-

911 1843 971 1866 tens
983 1841 1009 1865 et
1023 1837 1141 1872 Spiritus
1155 1835 1393 1870 significatur.Aut
1404 1834 1426 1862 si
1438 1833 1579 1861 audieritis
1592 1832 1691 1861 Isaiam

910 1884 1045 1912 dicentem
1060 1892 1067 1910 :
1091 1881 1145 1915 Vte,
1159 1881 1212 1917 ﬁlii
1226 1881 1370 1908 desertores
1380 1900 1387 1913 ,
1401 1880 1456 1907 hac
1468 1880 1533 1906 dicit
1544 1879 1672 1907 Dominus
1681 1887 1691 1906 :

910 1929 1023 1956 Fecistis
1039 1928 1189 1960 consilium,
1201 1931 1226 1954 et
1242 1935 1291 1953 non
1307 1933 1340 1954 ex
1355 1934 1395 1952 me
1410 1932 1420 1952 :
1433 1929 1457 1952 et
1470 1929 1588 1960 pactum,
1601 1929 1625 1952 et
1640 1933 1691 1952 non

909 1983 955 2009 per
969 1974 1099 2009 Spiritum
1109 1981 1205 2006 meum,
1216 1972 1330 2006 adjicere
1339 1975 1444 2006 peccata
1455 1978 1532 2006 super
1543 1975 1649 2006 peccata
1657 1971 1691 1998 “.

909 2019 942 2048 Et
958 2021 1053 2047 iterum
1072 2029 1079 2046 :
1094 2018 1268 2047 Occurrerunt
1279 2017 1329 2044 sibi
1341 2025 1431 2048 centre,
1441 2021 1464 2043 et
1478 2015 1596 2043 uiderunt
1611 2016 1693 2051 facies

910 2074 982 2099 suas,
998 2073 1105 2092 numero
1123 2065 1296 2096 transierunt,
1315 2067 1339 2090 et
1361 2071 1414 2089 una
1433 2069 1466 2089 ea
1477 2062 1514 2089 eis
1527 2062 1616 2097 periit.
1629 2062 1692 2088 Alia

910 2111 992 2138 aliam
1011 2119 1061 2138 non
1082 2110 1211 2145 qutesiuit,
1227 2109 1290 2145 quia
1302 2107 1430 2135 Dominus
1454 2108 1587 2135 mandauit
1602 2107 1650 2140 eis,
1667 2112 1692 2133 et

909 2156 1025 2190 Spiritus
1040 2156 1096 2191 ejus
1110 2155 1273 2190 congregavit
1283 2162 1328 2181 eas
1336 2154 1370 2182 ".
1381 2152 1444 2180 Haec
1457 2159 1522 2187 ergo
1538 2152 1690 2183 audientes,

909 2203 955 2230 ubi
968 2202 1067 2229 Filium
1077 2201 1221 2237 quaeritis?

77 2247 138 2274 ﬁdei
152 2252 363 2281 sacramentum,
374 2249 484 2276 tradidit
497 2249 619 2277 scribens
633 2249 670 2277 ita
682 2259 688 2277 :
701 2249 786 2277 Nobis
800 2259 858 2277 vero
874 2256 897 2285 ι)
944 2258 972 2286 5,
992 2257 1047 2284 Am
1061 2256 1083 2284 si
1098 2255 1238 2284 audieritis
1255 2254 1414 2282 Zachariam
1426 2252 1586 2288 prophetam
1600 2251 1689 2279 dicen.

77 2301 146 2320 unus
168 2293 237 2320 Deus
257 2293 349 2328 Pater,
363 2303 395 2321 ea:
414 2303 464 2330 quo
486 2295 584 2327 omnia,
599 2300 624 2323 et
643 2305 689 2323 nos
707 2297 734 2324 in
752 2297 799 2324 illo
811 2305 820 2324 .'
833 2303 858 2324 et

75 2347 145 2365 unus
165 2338 292 2366 Dominus
315 2339 392 2368 Iesus
412 2340 542 2374 Christus,
559 2349 605 2375 per
624 2348 699 2376 quem
720 2342 819 2375 omnia,
834 2346 859 2368 et

74 2391 123 2411 nos
137 2393 183 2419 per
195 2385 319 2419 ipsum".

110 2441 139 2469 4.
159 2441 230 2477 Ergo
253 2443 353 2478 ubique
381 2443 479 2471 divina
504 2442 651 2478 Scriptura:
674 2448 857 2472 memorantes

74 2484 183 2513 Patrem
200 2492 227 2515 et
242 2487 351 2521 Filium,
372 2496 425 2516 non
442 2493 657 2516 commemorant
672 2489 753 2516 etiam
769 2487 856 2523 Spiri-

79 2535 137 2558 tum
152 2532 286 2562 sanctum.
302 2533 407 2567 Quibus
421 2534 537 2561 dicimus
552 2543 559 2561 :
575 2533 604 2560 Si
617 2540 682 2569 ergo
696 2533 797 2560 Mosem
809 2541 858 2560 au-

79 2576 185 2605 dieritis
200 2578 332 2606 dicentem
347 2588 354 2606 :
370 2579 512 2606 Dominum
527 2579 610 2606 Deum
629 2584 702 2605 tuum
721 2579 857 2611 adorabis,

75 2624 101 2646 et
113 2620 165 2655 ipsi
179 2621 229 2648 soli
245 2623 337 2650 servies
344 2623 385 2656 ";
399 2627 446 2650 aut
457 2623 479 2650 si
492 2623 632 2650 audieritis
645 2622 731 2650 Deum
744 2623 770 2650 in
787 2622 856 2650 Isaia

74 2665 225 2694 dicentem:
236 2666 291 2703 Ego
303 2667 384 2701 Deus,
399 2672 424 2695 et
435 2676 486 2694 non
499 2673 536 2694 est
549 2672 644 2702 prteter
651 2676 690 2695 me
700 2667 805 2694 salvans
813 2668 836 2683 "
850 2675 857 2694 :

110 2714 134 2730 "
153 2713 220 2741 Dan.
239 2723 278 2746 nt,
301 2715 390 2743 57-62.
427 2716 450 2731 ⁸³
487 2716 552 2743 ibid.
570 2715 613 2743 88.

665 2716 687 2732 ⁸³
707 2715 786 2751 Rom.
800 2724 820 2747 ι,
838 2716 854 2742 7
884 2720 911 2743 et
926 2716 1038 2751 passim.

912 2308 982 2331 tem:
993 2301 1084 2329 Patres
1099 2302 1176 2329 vestri
1192 2300 1236 2328 ubi
1251 2304 1310 2328 sunt
1322 2305 1346 2327 et
1361 2298 1512 2335 prophetas?
1522 2299 1585 2325 dicit
1598 2297 1690 2324 Domi-

911 2358 959 2377 aus
972 2355 981 2375 :
997 2347 1123 2383 Nunquid
1135 2347 1162 2374 in
1178 2351 1303 2374 ceternum
1315 2345 1420 2372 vivent?
1439 2343 1620 2372 Verumtamen
1635 2352 1689 2370 ser-

910 2402 997 2422 mones
1011 2401 1079 2420 meos
1095 2397 1120 2419 et
1131 2393 1249 2428 legitima
1257 2399 1314 2419 mea
1325 2390 1459 2426 percipite,
1467 2397 1525 2424 qute
1533 2397 1579 2425 ego
1592 2389 1689 2416 mando

910 2443 937 2468 in
951 2440 1052 2475 Spiritu
1061 2447 1116 2466 meo
1129 2439 1209 2466 servis
1224 2439 1288 2465 meis
1300 2436 1441 2472 prophetis,
1456 2435 1501 2471 qui
1515 2436 1688 2470 apprehenae-

909 2493 970 2515 runt
984 2491 1070 2519 patres
1084 2489 1181 2513 uestros
1191 2485 1210 2512 ‘.
1224 2485 1278 2511 Aut
1296 2483 1319 2511 si
1336 2482 1474 2510 audieritis
1495 2481 1579 2509 David
1596 2481 1688 2508 dicen-

909 2537 963 2561 tem
981 2533 1036 2560 Deo
1053 2541 1060 2560 :
1077 2531 1134 2564 Quo
1149 2531 1191 2558 ibo
1206 2539 1223 2558 a
1240 2529 1341 2565 Spiritu
1355 2535 1411 2562 tuo,
1422 2534 1447 2556 et
1462 2538 1478 2556 a
1489 2528 1557 2564 facie
1575 2532 1621 2555 tua
1636 2535 1687 2563 quo

909 2577 1044 2613 fugiam”?
1059 2576 1129 2610 Quid
1141 2576 1293 2612 cogitabitis
1306 2576 1339 2603 de
1350 2575 1437 2602 Filio?
1448 2574 1493 2602 Sic
1509 2579 1573 2601 vero
1587 2577 1614 2600 et
1623 2580 1687 2607 apo—

909 2625 995 2652 stolus
1022 2623 1123 2651 Paulus
1149 2622 1298 2650 Corinthiis
1324 2621 1458 2652 scribens.
1483 2620 1542 2648 ait:
1559 2619 1685 2651 Nescitis,

909 2669 970 2704 quia
987 2669 1110 2704 templum
1120 2668 1170 2695 Dei
1179 2669 1252 2702 estis,
1263 2672 1286 2695 et
1300 2667 1414 2702 Spiritus
1431 2665 1477 2693 Dei
1493 2665 1594 2692 habitat
1606 2665 1632 2692 in
1643 2672 1687 2692 oo-

1087 2717 1110 2732 ⁸⁸
1128 2716 1137 2743 l
1153 2716 1248 2744 Thess.
1269 2723 1311 2747 Ill,
1326 2715 1369 2742 ll.
1436 2714 1460 2730 '°
1479 2714 1544 2741 Gen.
1561 2721 1618 2744 six.
1636 2712 1682 2740 24.

74 2748 96 2765 ⁸⁷
114 2748 135 2776 ll
149 2748 219 2776 Tim.
238 2757 257 2782 ι,
274 2751 316 2778 18.
354 2751 377 2767 ³⁸
396 2750 479 2778 Exod.
497 2759 550 2781 xw,
565 2751 610 2783 28,
627 2751 671 2778 29.
708 2750 731 2767 ³ο
750 2750 862 2778 Zachar.
877 2748 959 2784 "1,9.
999 2751 1022 2768 "
1040 2750 1118 2778 Joan.
1137 2759 1203 2782 xvn,
1221 2752 1247 2778 3.
1285 2751 1306 2766 ⁹¹
1320 2750 1328 2777 l
1344 2749 1407 2777 Cor.
1423 2757 1482 2781 vm,
1500 2748 1538 2784 6η
1564 2748 1684 2784 ἐμω.

75 2791 112 2816 νι,
127 2784 170 2811 l5.
207 2784 231 2800 "
249 2785 301 2813 lsa.
315 2793 390 2819 mn,
406 2787 449 2813 ll.
487 2785 510 2800 "
529 2785 581 2812 lsa.
597 2794 667 2818 thv,
683 2785 709 2813 8.
747 2786 769 2802 "
787 2785 840 2813 lsa.
856 2793 917 2817 ην,
932 2787 959 2818 4,
975 2786 1001 2814 5.

1050 2787 1073 2802 ’⁸
1087 2786 1158 2815 Joel.
1177 2794 1207 2820 tt,
1219 2786 1264 2814 27.
1310 2785 1331 2801 ⁸⁷
1350 2785 1417 2820 Agg.
1435 2791 1466 2817 ll,
1482 2784 1509 2817 ὅ,
1524 2782 1551 2810 6.
1588 2782 1612 2800 ⁸³
1631 2783 1685 2811 lea.

75 2826 140 2852 nx,
158 2819 184 2846 l.
221 2820 243 2836 ”
262 2821 313 2848 lsa.
329 2829 422 2855 xxxiv,
438 2820 481 2852 l5,
497 2820 538 2848 l6.
577 2821 585 2836 ¹
605 2821 718 2849 Zachar.
735 2828 755 2855 t,
769 2820 795 2855 5,
807 2820 833 2848 6.
870 2822 880 2836 ‘
899 2821 971 2850 Psal.
988 2829 1118 2855 caxxvtn,
1133 2821 1158 2848 7.

109 2898 164 2934 (συ)
185 2899 248 2928 Mss.
263 2899 328 2935 Reg.
345 2904 372 2927 et
385 2900 414 2927 S.
432 2899 476 2931 G.,
495 2899 635 2928 Ezechiele.

236 2947 372 2978 PATIOL.
401 2947 458 2978 Gn.
481 2946 598 2978 XXVI.

1525 2938 1564 2968 38
