1939 3041
262 147 331 175 1195

542 146 569 173 S.
590 145 772 173 ATHANASII
792 145 867 174 OPP.
888 145 977 174 PARS
995 145 1014 173 Ι.
1031 162 1064 166 -
1080 145 1265 174 HISTORICA
1284 145 1327 173 ET
1347 145 1555 173 DOGMATICA.

1797 146 1852 174 H96

261 206 301 232 bis
311 204 339 225 ³7
354 203 458 230 Patrem
473 206 498 230 et
513 201 640 237 Spiritum
657 202 846 229 connumerari
860 202 978 229 dabitis:
993 201 1039 228 Fi-
1054 205 1077 232 Α
1090 201 1146 237 Ego
1161 210 1218 228 sum
1230 223 1238 235 ,
1254 203 1298 236 qui
1315 202 1386 229 deleo
1401 210 1488 228 omnes
1504 202 1665 237 iniquitates,
1681 203 1722 230 dic
1735 208 1760 230 tu
1772 204 1853 238 iniqui-

262 251 326 277 liuln
344 257 408 277 vero
435 249 461 275 in
486 248 539 281 his,
554 256 613 283 qua:
630 257 677 282 per
691 248 821 283 Spiritum
835 253 908 280 sunt,
923 249 1039 283 ponetis.

258 291 344 322 'lsaias
369 293 441 320 enim
471 293 538 320 dixit
557 303 563 321 ε
581 293 644 320 Ηωε
667 294 731 320 dicit
758 293 885 320 Dominus
901 301 910 320 :
926 292 1040 320 Fecistis

260 341 410 372 Consilium,
423 344 447 366 et
463 348 512 366 non
525 347 570 375 per
583 347 622 366 me
637 348 646 366 :
662 344 812 374 ctpactum,
822 344 846 366 et
860 347 909 365 non
924 347 969 373 per
981 338 1041 373 Spi—

259 388 339 415 ritum
354 395 439 414 meum
449 386 469 413 δ.
485 385 660 421 Nequaquam
675 393 739 420 ergo
750 375 804 412 'uec
819 385 846 411 in
865 389 981 412 mentem
996 393 1041 411 ve-

259 430 484 468 stram,religiosi
495 432 616 464 viri,hoc
631 431 724 458 subeat
736 438 854 465 unquam
869 440 875 456 :
889 431 935 457 sed
948 438 1041 465 quent-

257 477 403 506 admodum
419 474 535 509 dixistis,
552 475 665 502 Paulum
682 475 824 509 scripsisse
838 483 844 500 :
860 473 954 500 Gratia
970 473 1038 500 vobis

257 532 281 553 et
293 532 347 560 pax
363 533 379 551 a
395 521 448 551 Deo
465 523 557 555 Patre,
571 527 595 548 et
609 521 718 548 Domino
730 525 816 547 nostro
829 519 892 546 Iesu
904 519 1038 552 Clu-isto“;

257 575 283 598 et
303 570 405 598 nullam
420 569 583 596 mentionem
597 575 659 594 eum
675 566 773 593 fecisse
787 565 904 600 Spiritus
917 565 1018 600 putatis
1031 574 1037 592 :

257 617 298 644 sic
314 616 410 643 iterum
430 615 520 642 audite
533 621 596 641 eum
617 613 650 640 ad
666 610 822 639 Corinthios
836 611 996 639 scribentem
1012 612 1039 637 in

257 661 375 689 secunda
388 659 506 695 Epistola
519 668 526 686 :
539 659 632 686 Gratia
644 656 750 684 Domini
760 662 842 683 nostri
853 656 914 683 Jesu
928 655 1038 687 Christi,

256 712 282 735 et
296 708 411 734 charitas
424 706 482 738 Dei,
492 710 516 732 et
529 705 733 732 communicatio
751 702 866 738 Spiritus
881 703 966 730 sancti
980 711 1038 728 cum

250 756 376 783 omnibus
393 755 462 782 vobis
472 755 493 782 ".
513 754 545 781 Et
558 751 786 788 quemadmodum
800 751 843 778 hic
857 750 934 783 dixit,
948 750 1038 777 chari-

258 806 300 829 tas
314 800 372 833 Dei,
382 800 421 828 sic
433 799 514 827 etiam
529 799 562 826 ad
578 797 714 824 Romanos
729 806 735 823 :
752 796 863 823 Obsecro
877 801 963 822 autem
981 804 1036 828 vos,

258 847 366 881 fratres,
382 853 427 879 per
443 844 584 871 Dominum
608 833 738 870 nostrum'
749 841 839 868 Iesum
851 841 996 878 Christum,
1012 846 1035 868 et

256 900 302 928 per
318 891 473 919 charitatem
485 888 611 924 Spiritus,
624 886 806 915 conccrtemini
823 894 921 913 mecum
933 887 961 912 in
974 894 1036 912 ora-

257 937 370 966 tionibus
383 944 430 971 pro
443 943 482 963 me
497 935 530 962 ad
546 934 658 961 Deum".
674 933 706 960 Et
716 941 778 960 cum
794 931 894 959 Paulus
907 932 1039 959 asseruis-

257 989 300 1012 set
322 975 593 1011 communicationem
618 979 734 1015 Spiritus
752 979 905 1010 vobiscum,
919 976 1037 1004 Joannes

258 1029 296 1057 ait
311 1038 318 1056 :
334 1026 542 1056 Communicatio
559 1033 616 1052 uero
633 1029 722 1051 nostra
738 1029 765 1050 ut
781 1024 816 1050 sit
832 1031 891 1049 cum
905 1021 997 1054 Patre,
1012 1026 1036 1048 et

258 1075 331 1104 Filio
342 1075 398 1110 ejus
409 1073 473 1101 Iesu
486 1072 590 1100 Christo
598 1072 618 1098 ⁸.
634 1071 733 1098 Paulus
749 1075 838 1097 autem
851 1069 989 1104 apostolus
997 1069 1038 1095 di-

259 1123 297 1150 cit
311 1131 319 1149 :
335 1120 434 1148 Fidelis
448 1123 534 1146 autem
550 1118 630 1150 Deus,
644 1125 688 1152 per
702 1125 778 1152 quem
793 1116 878 1143 vocati
901 1123 991 1142 sumus
1011 1116 1038 1142 in

258 1166 516 1197 communicationem
530 1164 595 1191 Filii
615 1164 656 1190 sui
672 1162 736 1190 Iesu
753 1159 851 1190 Christi
868 1161 972 1188 Domini
989 1169 1037 1187 no-

257 1217 337 1245 stri’.
357 1216 388 1242 ιιι
410 1214 497 1249 prima
513 1219 621 1248 quoque
634 1210 751 1246 Epistola
772 1209 805 1236 ad
820 1208 975 1236 Corinthios
988 1215 1036 1234 nc-

257 1269 335 1292 cesse
348 1265 390 1288 est
403 1261 500 1287 iterum
517 1258 610 1285 audire
624 1256 749 1287 Paulum,
767 1254 926 1281 Trinitatem
939 1253 1038 1288 praedi-

257 1307 381 1341 eantemj;
391 1305 456 1334 dicit
467 1305 539 1332 enim
552 1303 716 1331 :Divisiones
728 1306 815 1328 autem
828 1301 955 1326 donarunt
965 1303 1036 1332 sunt,

257 1354 327 1381 idem
338 1360 398 1380 vero
410 1351 526 1386 Spiritus
539 1357 547 1376 :
558 1353 582 1376 et
596 1348 734 1375 divisiones
749 1345 953 1373 ministeriorum
966 1350 1037 1377 sunt,

257 1399 329 1427 idem
340 1402 426 1424 autem
437 1395 563 1422 Dominus
572 1401 581 1426 ;
590 1398 615 1420 et
626 1393 764 1420 divisiones
775 1391 955 1426 operationum
966 1393 1037 1422 sunt,

253 1443 327 1471 idem
343 1450 402 1470 vero
417 1441 495 1473 Deus,
507 1441 553 1475 qui
569 1443 691 1474 operatur
714 1438 802 1464 omnia
827 1437 855 1463 in
877 1436 994 1462 omnibus
1005 1435 1038 1462 '°.

259 1490 328 1517 Cum
338 1487 451 1516 dixisset
460 1491 548 1513 autem
559 1484 643 1512 Deum
657 1488 684 1511 ct
692 1483 782 1511 omnia
794 1482 820 1509 in
832 1481 959 1509 omnibus
975 1487 1039 1515 ope-

252 1529 330 1560 'Iari,
352 1533 379 1556 et
396 1527 537 1562 professus
562 1526 658 1553 fuisset
682 1524 752 1551 dona
771 1531 831 1558 qua:
847 1531 894 1559 per
911 1523 1040 1558 Spiritum

257 1576 404 1606 donantur,
420 1573 518 1608 adjecit
531 1583 537 1600 :
553 1573 617 1599 ch
632 1576 719 1598 autem
733 1571 822 1597 omnia
839 1575 962 1605 operatur
975 1578 1041 1596 unus

254 1615 339 1655 ³⁷75
355 1625 432 1654 atque
458 1619 526 1646 idem
552 1618 679 1652 Spiritus.
697 1616 814 1643 dividens
837 1616 948 1650 singulis
965 1620 1042 1650 prout

257 1665 312 1694 vult
322 1662 357 1692 ’¹¹.
371 1664 475 1692 Docens
486 1664 670 1698 operationem
686 1662 730 1689 Dei
742 1670 803 1690 esse
815 1662 931 1697 Spiritus
943 1662 1041 1694 sancti,

258 1705 381 1746 nunquid
395 1709 495 1736 destitit
512 1708 613 1735 Paulus
632 1716 647 1734 a
665 1707 818 1734 'I‘rinitatc?
838 1705 960 1738 nunquid
978 1705 1042 1732 sub-

258 1756 340 1783 traxit
354 1754 408 1782 Deo
425 1759 451 1782 et
465 1754 535 1781 Filio
550 1753 700 1788 Spiritum?
716 1752 748 1779 Et
766 1752 836 1779 sicut
851 1751 884 1779 ad
898 1750 1042 1779 Thessalo-

257 1803 383 1829 nicenses
398 1800 507 1835 scripsit
522 1806 529 1825 :
547 1798 607 1834 Ipse
622 1804 709 1825 autem
725 1798 795 1825 Deus
809 1798 880 1832 pacis
894 1796 1042 1830 sanctiﬁcet

257 1854 300 1874 vos
315 1846 350 1872 ad
363 1845 509 1881 perfectum
519 1846 556 1878 ¹¹,
571 1845 607 1871 ita
632 1848 659 1871 et
681 1843 715 1870 ad
730 1843 886 1870 Corinthios
912 1842 938 1868 in
955 1840 1042 1876 prima

257 1892 375 1927 Epistola
390 1900 397 1917 :
417 1891 470 1919 Sed
485 1890 569 1917 abluti
581 1890 654 1921 estis,
673 1890 717 1916 sed
729 1888 891 1922 sanctiﬁcati
904 1888 976 1919 estis,
996 1887 1041 1914 sed

257 1938 397 1974 iustiﬁcati
412 1939 474 1964 estis
488 1938 517 1964 in
531 1938 635 1963 nomine
652 1936 756 1963 Domini
779 1935 864 1962 nostri
883 1933 947 1961 Jesu
962 1934 1040 1961 Citri-

257 1985 302 2015 sti,
321 1990 346 2011 et
361 1985 388 2010 in
408 1982 511 2018 Spiritu
531 1983 577 2009 Dei
599 1983 684 2009 nostri
698 1982 729 2010 ".
746 1978 967 2009 Consideratisne
982 1979 1042 2014 Spi-

257 2031 339 2058 ritum
354 2035 478 2058 sanctum
493 2029 593 2064 ubique
614 2028 817 2063 Scripturarum
841 2035 903 2055 cum
919 2026 999 2054 Patre
1015 2031 1042 2054 et

257 2075 325 2103 Filio
342 2074 554 2103 connumerari?

294 2117 320 2146 6.
331 2117 489 2145 Audiendus
499 2117 577 2152 plane
589 2116 672 2144 Filius
683 2116 709 2143 in
718 2115 785 2144 lsaia
794 2116 936 2151 propheta,
946 2121 1044 2143 semet-

258 2163 348 2198 ipsum
364 2166 392 2190 et
410 2162 517 2190 Patrem
529 2183 537 2196 ,
559 2168 586 2190 et
599 2163 696 2190 Filium
706 2182 714 2195 ,
737 2167 764 2190 et
777 2162 906 2197 Spiritum
919 2167 1043 2190 sanctum

1093 253 1158 275 tates
1175 254 1233 275 tuas
1246 249 1332 283 prior,
1348 253 1377 274 ut
1386 248 1550 283 justi/iceris.
1564 248 1658 276 Patres
1674 251 1748 276 vestri
1759 250 1852 284 priores,

1091 299 1115 320 et
1129 294 1258 328 principes
1275 302 1363 320 eorum
1379 294 1464 328 inique
1478 299 1584 328 egerunt
1599 295 1625 320 in
1641 294 1691 327 me,
1707 300 1730 321 et
1745 295 1853 321 contami-

1092 344 1216 365 narerunt
1239 339 1367 373 principes
1381 344 1474 366 sancta
1495 347 1552 365 mea
1568 347 1576 365 .'
1591 344 1615 365 et
1631 340 1690 366 dedi
1703 341 1802 374 perdere
1813 340 1854 367 Ia-

1091 385 1147 417 cob,
1164 390 1188 412 et
1204 384 1307 417 Israel,
1323 393 1395 419 quem
1413 384 1494 419 elegi,
1518 385 1640 420 quia,ego
1653 385 1719 412 dabo
1733 394 1818 421 aquam
1832 388 1854 413 iu

1091 431 1174 462 sitim,
1188 431 1233 465 qui
1252 430 1302 456 iter
1315 430 1429 463 fecerunt
1449 430 1476 456 in
1493 430 1561 456 sicco
1574 437 1583 455 :
1596 430 1728 464 imponam
1743 430 1855 464 Spiritum

1092 484 1176 502 metm:
1188 483 1264 510 super
1276 483 1361 502 semen
1375 480 1459 508 tuum,
1473 480 1496 502 et
1509 475 1697 502 benedictiones
1714 484 1780 502 meas
1792 484 1856 510 super

1090 523 1160 556 ﬁlios
1172 527 1230 548 tuos
1242 522 1274 550 ".
1291 521 1324 548 Et
1340 521 1397 556 ipse
1409 529 1474 548 vero
1490 521 1582 553 Isaias,
1599 521 1758 548 Trinitatem
1772 522 1856 556 pra‘di-

1090 577 1156 596 cans
1167 589 1174 601 ,
1189 569 1226 595 ait
1241 577 1248 595 ι
1265 567 1332 594 Ecce
1346 576 1438 595 nomen
1456 567 1563 594 Domini
1577 576 1623 603 per
1645 568 1756 594 multant
1771 574 1856 601 tempus

1090 616 1170 648 venit,
1187 615 1282 642 ardens
1297 615 1350 647 ira,
1366 623 1424 641 cum
1445 615 1529 649 gloria
1542 614 1672 640 [abiurant
1684 614 1751 648 ejus,
1766 614 1856 641 verbum

1089 660 1129 686 ira
1146 659 1268 694 plenum,
1288 664 1312 686 et
1328 659 1369 685 ira
1384 659 1493 693 furoris,
1521 659 1587 685 sicut
1607 659 1690 694 ignis,
1707 664 1732 686 et
1756 658 1857 693 Spiritus

1089 713 1161 732 meus
1174 705 1242 731 sicut
1256 712 1349 738 aquam
1365 704 1469 730 trahens
1491 705 1572 730 veniet
1590 712 1670 739 usque
1686 704 1720 730 ad
1734 703 1857 730 collum”.

1088 750 1185 777 Audite
1198 757 1262 776 vero
1275 754 1301 776 ct
1314 748 1646 784 ZachariamTrinitatem
1661 749 1857 784 praedicantem;

1089 796 1206 832 :titepim
1222 805 1227 822 :
1243 795 1306 822 IIwe
1321 796 1384 823 dicit
1400 795 1526 822 Duminus
1539 795 1698 829 omnipotens
1714 794 1858 821 :Judicium

1086 841 1188 875 iustum
1211 842 1350 877 judicate,
1374 847 1397 868 ct
1414 841 1620 869 miscricordiam
1644 846 1668 868 ct
1689 840 1857 867 miserationes

1088 888 1168 922 facite
1182 888 1358 922 unusquisque
1371 888 1404 913 ad
1426 888 1536 923 fratrem
1563 895 1659 918 suum;
1679 891 1703 913 et
1727 887 1808 913 uidua:
1819 906 1825 917 ,
1837 891 1857 912 ct

1086 933 1186 967 pupillo
1196 953 1203 966 ,
1227 938 1251 960 et
1268 933 1391 965 adventu,
1407 938 1430 960 et
1447 933 1555 968 pauperi
1570 932 1651 959 nolite
1666 940 1712 966 per
1727 931 1856 966 potentiam

1087 989 1187 1013 nocere,
1202 986 1226 1007 et
1242 980 1351 1008 malitia:
1362 981 1538 1015 unusquisque
1554 980 1647 1014 fratris
1663 980 1706 1007 sui
1721 979 1798 1006 nolite
1811 986 1857 1004 me-

1088 1034 1170 1053 morcs
1184 1035 1238 1053 esse
1253 1027 1279 1053 in
1290 1027 1411 1053 cordibus
1425 1027 1527 1054 vestris.
1548 1025 1582 1052 Et
1598 1034 1647 1052 non
1663 1025 1810 1052 obedierunt
1820 1024 1859 1050 ad-

1087 1077 1192 1104 vertere,
1200 1073 1245 1099 sed
1256 1073 1380 1099 dederunt
1390 1073 1495 1099 dorsum
1503 1081 1578 1098 suum
1588 1072 1751 1106 insipienter,
1759 1075 1782 1098 et
1794 1077 1857 1097 aures

1087 1127 1149 1145 suas
1167 1124 1355 1153 gravaverunt,
1379 1123 1406 1145 ut
1421 1126 1471 1145 non
1491 1119 1600 1145 audiant
1616 1118 1697 1152 legem
1725 1124 1822 1148 meam,
1837 1119 1858 1141 et

1087 1173 1216 1191 sermones
1231 1173 1317 1197 meos,
1340 1173 1404 1199 quos
1425 1164 1495 1191 misit
1516 1163 1643 1190 Domitius
1665 1164 1823 1198 omnipotens
1836 1160 1859 1187 iu

1088 1210 1190 1246 Spiritu
1206 1219 1268 1245 suo,
1293 1212 1320 1237 in
1340 1219 1432 1238 manus
1456 1211 1618 1238 anteriorum
1639 1210 1821 1244 prophetarum
1831 1207 1856 1232 ".

1087 1257 1205 1292 Angelus
1225 1265 1288 1284 vero
1305 1256 1413 1284 Domini
1436 1257 1523 1292 inquit
1547 1257 1579 1283 ad
1608 1255 1769 1283 Zachariam
1787 1264 1793 1281 :
1810 1252 1858 1280 IIoc

1087 1305 1191 1330 uerbum
1203 1302 1309 1329 Domini
1328 1303 1355 1329 in
1376 1311 1454 1329 manu
1470 1302 1624 1334 Zorobabel,
1642 1302 1733 1328 dicens
1746 1309 1756 1327 .'
1770 1300 1824 1327 Non
1837 1299 1859 1325 in

1087 1348 1182 1374 uirtute
1199 1356 1293 1383 magna
1306 1368 1313 1382 ,
1336 1356 1416 1382 neque
1430 1349 1457 1374 in
1473 1347 1626 1382 fortitudine
1638 1367 1646 1380 ,
1663 1347 1708 1374 sed
1731 1347 1758 1373 in
1772 1345 1861 1380 Spiritu

1088 1401 1159 1426 meo,
1174 1394 1238 1420 dicit
1256 1393 1383 1421 Dominus
1397 1394 1558 1428 omnipotens
1572 1394 1603 1420 ¹³.

1124 1437 1149 1465 7.
1161 1437 1300 1465 Michaaam
1310 1445 1416 1473 quoque
1426 1438 1580 1471 audiamus,
1588 1437 1749 1464 Trinitatem
1757 1443 1862 1471 pronun-

1088 1483 1209 1517 tiantem;
1222 1488 1249 1511 et
1259 1485 1316 1518 ipse
1326 1484 1398 1511 enim
1410 1484 1447 1511 ait
1460 1493 1466 1511 :
1480 1484 1543 1511 Ila'c
1552 1484 1619 1511 dicet
1636 1484 1764 1510 Dominus
1774 1483 1806 1510 ad
1815 1488 1863 1516 pro-

1056 1539 1073 1569 ε
1088 1530 1190 1565 phetns,
1199 1530 1242 1564 qui
1253 1530 1377 1556 seducunt
1392 1530 1514 1565 populum
1525 1539 1619 1564 meum,
1631 1534 1655 1557 et
1666 1531 1783 1558 mordent
1793 1528 1866 1556 denti-

1087 1576 1134 1602 bus
1143 1577 1208 1608 suis,
1217 1576 1261 1611 qui
1270 1577 1415 1610 prtrdicant
1424 1585 1501 1610 super
1509 1585 1567 1603 eum
1578 1584 1677 1611 pacem,
1689 1582 1713 1603 et
1723 1585 1773 1603 non
1780 1580 1865 1610 estpas:

1087 1622 1150 1648 data
1163 1622 1190 1648 in
1203 1630 1246 1649 ore
1264 1630 1364 1654 eorum,
1373 1627 1397 1648 et
1412 1623 1599 1650 suscitarcrunt
1610 1631 1687 1657 super
1697 1631 1756 1650 eum
1769 1622 1864 1649 bellum.

1087 1668 1229 1703 Propterea
1237 1677 1288 1696 nox
1294 1669 1363 1695 vobis
1373 1670 1421 1695 erit
1431 1669 1531 1699 excisa,
1538 1676 1559 1696 et
1568 1670 1677 1696 tenebra:
1686 1669 1866 1696 vobiscruntcz

1088 1713 1248 1740 divinatione
1258 1721 1266 1740 ;
1277 1719 1300 1740 et
1312 1713 1407 1740 accidet
1417 1714 1456 1741 sol
1465 1723 1543 1748 super
1550 1715 1698 1749 prop/tctus,
1706 1720 1732 1741 et
1741 1713 1864 1741 tenebrosa

1089 1760 1163 1786 cadet
1172 1767 1248 1793 super
1258 1767 1300 1786 eos
1312 1760 1377 1791 dies,
1388 1765 1411 1786 et
1419 1760 1619 1795 confundentur,
1630 1761 1692 1796 quia
1707 1761 1792 1788 vident
1806 1766 1864 1786 som-

1089 1806 1173 1836 nia,et
1183 1806 1359 1833 irridebuntur
1365 1806 1631 1839 divini,ctdetra/tunt
1640 1808 1672 1833 de
1679 1807 1721 1834 his
1729 1813 1809 1833 omnes
1816 1804 1863 1835 isti,

1089 1859 1119 1878 eo
1134 1852 1203 1885 quod
1219 1859 1270 1878 non
1279 1852 1313 1878 sit
1324 1852 1368 1887 qui
1380 1853 1527 1879 exandierit
1539 1860 1582 1879 eos
1594 1873 1602 1885 ,
1616 1853 1667 1879 nisi
1684 1860 1751 1887 ego:
1763 1853 1787 1878 in
1798 1851 1864 1886 plena

1089 1898 1185 1923 uirtute
1196 1902 1218 1923 et
1231 1898 1257 1923 in
1273 1897 1374 1932 Spiritu
1387 1897 1502 1930 Domini,
1525 1906 1583 1925 cum
1599 1898 1703 1932 judicio
1723 1902 1748 1925 et
1760 1895 1865 1931 potentia

1091 1942 1264 1968 annuntiante
1273 1941 1356 1969 JaCob
1372 1943 1525 1977 iniquitates
1537 1950 1610 1975 suas,
1627 1947 1651 1969 et
1667 1941 1753 1969 Israel
1766 1945 1862 1968 oet-cata

1092 1995 1141 2014 sua
1160 1987 1191 2012 ιν.
1206 1985 1277 2014 Audi
1292 1994 1356 2022 ergo
1377 1991 1486 2014 sanctos
1501 1986 1692 2014 convenienter
1712 1985 1865 2012 Trinitatem

1092 2032 1281 2067 praedicantes,
1294 2037 1320 2059 et
1333 2041 1471 2068 nunquam
1482 2032 1614 2068 Spiritum
1629 2037 1755 2060 sanctum
1768 2030 1865 2058 univer-

1093 2077 1166 2105 sitati
1178 2097 1186 2110 ,
1198 2085 1259 2112 qua:
1283 2085 1330 2113 per
1347 2078 1446 2106 Filium
1465 2078 1535 2105 facta
1553 2083 1614 2111 est,
1635 2081 1864 2106 connumerantes,

1094 2124 1141 2151 sed
1157 2131 1218 2151 cum
1235 2124 1316 2152 Patre
1339 2129 1366 2151 et
1389 2124 1458 2151 Filio
1477 2132 1539 2152 eum
1562 2125 1730 2159 proﬁtentes.
1760 2121 1865 2156 Quodsi

1095 2168 1243 2197 Salvatoris
1255 2169 1337 2201 istud,
1357 2175 1386 2197 ut
1400 2170 1488 2202 aiunt,
1504 2171 1588 2197 movit
1599 2177 1646 2198 eos
1660 2169 1777 2197 dicentis
1789 2179 1794 2196 :
1808 2168 1863 2195 Hac

259 2209 424 2244 prtedicans;
440 2210 480 2236 sic
497 2210 568 2236 enim
584 2209 621 2236 ait
634 2219 640 2235 :
654 2210 723 2235 Audi
736 2217 786 2240 me,
801 2208 896 2241 Iacob,
909 2213 933 2235 et
948 2208 1039 2241 Israel,

1093 2220 1129 2240 est
1149 2219 1235 2242 autem
1249 2216 1302 2241 vita
1312 2219 1410 2242 (eterna
1421 2234 1428 2248 ,
1439 2219 1468 2241 ut
1482 2221 1637 2250 cognoscant
1653 2220 1676 2242 te
1688 2216 1774 2242 solum
1788 2220 1864 2242 rerum

258 2264 334 2289 quem
347 2263 394 2291 ego
410 2263 470 2282 voco
482 2263 492 2282 :
507 2254 563 2290 Ego
577 2263 634 2281 sum
646 2256 757 2289 primus,
766 2259 791 2282 et
803 2263 848 2289 ego
858 2255 884 2281 in
895 2259 1038 2282 wternum:

260 2307 353 2327 manus
367 2308 425 2326 mea
439 2300 559 2336 fundarit
583 2306 679 2327 terram
689 2321 697 2333 ,
722 2301 831 2327 dextera
848 2309 904 2326 mea
918 2300 1039 2334 fundauit

259 2345 366 2378 malum,
382 2346 476 2373 vocabo
492 2354 534 2373 eos
549 2354 637 2373 omnes
647 2367 654 2378 ,
668 2351 692 2372 et
705 2345 811 2372 stabunt
827 2346 905 2372 simul
915 2367 922 2377 ,
937 2351 961 2372 et
976 2354 1039 2373 con-

261 2391 435 2426 [regabuntur
447 2400 544 2425 omnes,
559 2396 584 2418 et
598 2392 715 2418 audient.
741 2391 805 2423 Quis
818 2392 983 2418 annuntiauit
999 2400 1040 2418 vo-

262 2436 298 2464 bis
314 2437 403 2464 talia?
419 2437 537 2473 Diligens
554 2443 577 2464 te
592 2437 640 2472 feci
654 2437 812 2464 voluntatem
826 2443 899 2464 tuam
914 2438 939 2463 in
952 2437 1040 2472 Baby-

261 2482 328 2515 ione,
342 2489 370 2510 ut
382 2483 474 2510 tollant
485 2491 569 2510 semen
581 2482 775 2510 Chaldteorum.
791 2482 846 2517 Ego
857 2483 958 2509 locutus
970 2490 1037 2514 sum,

260 2535 304 2562 ego
315 2529 414 2560 uocaui,
429 2528 529 2556 adduxi
542 2528 627 2558 illum.
642 2533 665 2554 ct
678 2536 827 2563 prosperum
844 2529 893 2554 iter
906 2528 962 2562 ejus
978 2528 1037 2563 feci.

258 2574 380 2601 Accedite
399 2574 433 2600 ad
449 2583 506 2607 me,
529 2579 553 2601 et
570 2574 660 2600 audite
675 2573 746 2605 hwc,
772 2581 823 2600 non
837 2582 852 2599 a
867 2574 995 2608 principio
1012 2575 1039 2600 in

260 2617 411 2645 abscondito
426 2618 530 2645 locutus
542 2626 600 2644 sum
612 2618 677 2649 luec,
692 2618 798 2653 quando
807 2618 916 2654 ﬁebant,
933 2623 957 2644 et
972 2627 1040 2645 nunc

260 2663 387 2692 Dominus
401 2665 473 2691 misit
487 2672 543 2698 me,
558 2670 582 2691 et
603 2663 718 2698 Spiritus
736 2664 792 2699 ejus
804 2664 836 2691 ιι.
865 2664 898 2691 Ει
921 2664 1017 2692 iterum
1032 2674 1038 2692 :

296 2733 307 2749 ³
326 2733 335 2760 l
351 2733 413 2760 Cor.
431 2743 470 2767 ιιι,
487 2734 530 2761 16.
579 2734 589 2749 ⁵
607 2733 659 2761 lsa.
674 2742 739 2765 xxx,
756 2734 779 2760 1.

259 2768 270 2784 ⁸
290 2767 377 2796 lCor.
396 2777 415 2802 ι,
429 2770 455 2796 9.
493 2770 515 2785 ¹⁶
536 2768 622 2797 ICOr.
635 2777 684 2800 xu,
699 2769 756 2796 4-6.

261 2803 283 2819 "
294 2803 345 2830 lsa.
360 2811 436 2831 mn.
454 2803 558 2836 25-28;
574 2811 646 2835 xuv,
665 2804 720 2831 1-5.

260 2845 302 2868 ιιι.
315 2838 372 2865 5-8.
428 2838 450 2853 ¹⁰
465 2837 542 2865 Joan.
556 2846 622 2872 xvii,
634 2839 660 2867 5.

834 2735 844 2750 ⁵
866 2734 942 2760 ltom.
962 2742 980 2767 ι,
997 2734 1021 2761 7.

809 2768 828 2784 ¹¹
847 2769 911 2796 ibid.
928 2769 969 2795 11.

699 2839 719 2856 ²¹
731 2838 810 2866 Joan.
828 2847 881 2868 xw.
899 2839 990 2867 15-17.

1075 2737 1085 2773 ξ
1104 2737 1124 2764 ll
1137 2738 1200 2766 Cor.
1224 2748 1284 2773 xm,
1301 2740 1344 2767 15.

1008 2770 1028 2806 ’ξ
1047 2769 1160 2800 lThess.
1181 2783 1205 2806 v,
1218 2775 1262 2802 “25.

760 2803 844 2831 “lsa.
874 2812 938 2834 xxx.
966 2803 1059 2834 27-28.

1093 2257 1175 2284 Deum
1188 2278 1195 2290 ,
1221 2263 1245 2285 et
1265 2267 1340 2294 quem
1356 2260 1452 2286 misisti
1465 2259 1555 2287 Iesum
1573 2259 1706 2288 Christum
1718 2260 1759 2291 ‘°,
1783 2264 1809 2286 et
1820 2265 1864 2285 non

1090 2304 1257 2339 perliibentis
1270 2326 1277 2337 ,
1294 2309 1324 2332 ut
1350 2310 1515 2340 cognoscant
1538 2311 1565 2333 et
1582 2305 1713 2340 Spiritum
1738 2311 1863 2335 sanctum,

1091 2349 1206 2376 salisiict
1218 2349 1271 2377 illis
1283 2371 1290 2383 ,
1312 2359 1374 2378 cum
1391 2352 1503 2378 audiant
1518 2352 1606 2386 ipsum
1622 2356 1649 2379 et
1663 2352 1696 2380 tle
1712 2352 1815 2387 Spiritu
1830 2351 1863 2377 di-

1091 2400 1195 2422 centem
1211 2407 1215 2423 :
1231 2395 1259 2422 Si
1271 2396 1381 2431 diligitis
1394 2405 1442 2430 me,
1457 2399 1584 2424 mandata
1597 2406 1654 2425 mea
1665 2403 1778 2430 servate,
1795 2403 1817 2425 et
1826 2403 1862 2431 ego

1091 2441 1187 2476 rogabo
1208 2441 1323 2473 Patrem,
1340 2447 1364 2469 et
1379 2443 1461 2469 alium
1477 2443 1646 2470 Paracletum
1662 2443 1736 2470 dabit
1750 2443 1829 2475 vobis,
1841 2446 1862 2468 ut

1092 2492 1195 2513 maneat
1205 2487 1334 2514 vobiscum
1346 2488 1372 2514 in
1384 2486 1654 2523 u’ternum,Spiritum
1664 2489 1863 2523 veritatis,qutm

1093 2533 1205 2559 mundus
1223 2541 1273 2559 non
1285 2538 1366 2567 potest
1382 2534 1507 2568 accipere,
1522 2536 1584 2570 quia
1596 2543 1645 2562 non
1663 2535 1732 2562 uidet
1747 2543 1817 2567 eum,
1828 2540 1864 2559 nec

1091 2580 1221 2614 cognoscit
1234 2588 1292 2606 eum
1305 2588 1313 2607 :
1325 2589 1367 2607 vos
1381 2586 1468 2607 autem
1480 2582 1637 2616 cognoscetis
1647 2590 1715 2613 eum,
1730 2582 1795 2616 quia
1807 2579 1864 2614 apud

1091 2633 1135 2652 uos
1150 2626 1263 2653 manebit
1274 2648 1280 2659 ,
1305 2632 1329 2653 et
1344 2628 1371 2653 in
1388 2627 1457 2654 vobis
1472 2627 1560 2655 erit“.
1593 2627 1742 2654 Advertant
1756 2627 1836 2662 igitur
1845 2629 1866 2650 et

1093 2672 1230 2705 apostolos
1246 2672 1355 2707 quidem
1374 2678 1568 2708 cognoscentes
1584 2679 1611 2700 et
1623 2672 1754 2708 Spiritum
1767 2693 1774 2706 ,
1789 2677 1815 2700 et
1828 2670 1866 2698 Fi-

1398 2741 1408 2756 ⁷
1427 2740 1506 2768 Rom.
1521 2749 1566 2773 xv,
1580 2741 1625 2769 30.
1673 2742 1700 2767 Ἰ
1712 2740 1793 2768 Joan.
1812 2747 1830 2770 ι,
1843 2738 1867 2765 3.

1303 2776 1323 2791 ”
1338 2775 1418 2803 lCor.
1435 2784 1469 2808 Vl,
1485 2776 1526 2802 11.
1564 2777 1586 2792 ιδ
1603 2777 1654 2803 iss.
1669 2785 1765 2807 nvnt,
1780 2773 1867 2802 12-16.

1110 2808 1129 2824 ¹⁷
1148 2809 1229 2837 Zaclt.
1257 2819 1305 2842 v11,
1329 2811 1356 2844 9,
1381 2811 1424 2838 12.
1477 2813 1498 2827 ’⁸⁵
1513 2811 1595 2839 Zuch.
1613 2819 1650 2847 IV,
1671 2812 1696 2839 6.
1755 2811 1776 2827 ¹⁹
1790 2808 1866 2836 Mich.
