1939 3041
141 176 208 205 “97

628 171 671 212 Dii
691 185 875 215 TRlNlTATE
894 189 937 216 ET
959 191 1093 221 SPlRlTU
1115 193 1258 222 SANCTO.

1684 205 1754 233 “98

133 236 215 270 lium,
229 242 256 265 et
273 237 377 266 Patrem
395 248 401 266 :
419 240 549 268 munt-lum
565 250 626 269 vero
643 245 838 279 miserabilem,
853 248 915 282 quia
931 251 952 279 Α
968 255 993 277 ta
1009 257 1090 283 sunt,
1115 254 1263 281 secundum
1279 254 1393 284 Paulum
1409 258 1541 287 dicentem
1558 270 1564 287 :
1584 261 1667 290 Nobis
1693 272 1752 292 vero

132 290 184 309 non
198 289 370 318 cognoverunt
389 285 513 319 Patrem,
529 296 609 323 neque
629 291 709 316 me".
741 291 774 319 Et
796 292 892 320 iterum
907 303 913 320 :

132 327 300 356 Parui-letum
314 329 441 364 Spiritum
455 333 581 366 veritatis,
596 343 671 369 quem
684 337 796 364 mundus
807 347 860 365 non
872 347 915 373 po-

130 378 180 400 test
204 375 321 408 occipere
335 396 342 409 ,
360 378 422 411 quia
439 386 489 404 non
511 379 579 406 videt
593 400 599 411 ,
618 389 663 408 nec
688 385 819 418 cognoscit
843 393 912 413 eum.

129 417 320 453 Signiﬁcantcr
331 428 394 448 vero
407 421 537 451 Dominus
547 430 573 451 et
584 426 665 452 alium
676 417 841 462 paraelctum
853 437 913 458 esse

125 464 195 491 dixit
215 464 345 499 Spiritum
374 473 498 496 sanctum
514 479 519 496 :
533 471 660 505 quoniam
687 473 745 508 ipse
760 476 912 508 paraclctus

125 514 176 541 est,
195 509 265 536 sicut
280 509 398 539 Joannes
416 513 442 540 in
463 513 582 549 Epistola
604 524 651 544 sua
672 518 710 545 ait
726 528 732 546 :
750 518 817 546 Haec
839 521 910 548 vobis

123 555 229 589 scripsi,
246 560 274 581 ut
285 564 335 583 non
348 560 456 591 peccetis
468 567 476 584 :
487 560 556 594 quod
568 561 590 587 si
601 565 808 599 peccaverimus,
821 565 909 593 Para-

122 600 219 627 cletum
233 600 358 629 habemus
371 611 404 629 aa
421 603 528 632 Putrem
541 606 632 634 .Iesum
648 609 783 637 Christum
794 633 801 644 ,
817 617 842 639 et
855 614 909 647 ipse

120 648 274 682 propitiatio
287 654 324 675 est
335 658 383 684 pro
402 653 513 685 peccatis
530 655 624 680 uestris
634 653 657 670 "
677 664 683 682 :
705 660 734 683 ut
749 658 908 686 doceremur

122 693 240 728 Spiritus
265 703 325 722 cum
346 696 415 724 Filio
438 699 630 732 aequalitatem.
661 701 750 735 Quare
769 712 833 732 vero
853 714 905 734 non

120 744 203 767 terret
217 748 263 767 eos
282 740 422 774 Dominus,
436 744 483 778 qui
503 744 562 772 ﬁdei
579 753 780 776 sacramentum
797 757 906 786 aposto-

118 785 152 812 lis
166 785 275 813 tradehs
285 806 292 818 ,
306 786 373 814 dicit
388 797 394 815 :
410 787 509 816 Euutcs
522 799 590 818 nunc
604 793 692 820 docete
704 802 791 822 omnes
807 803 903 831 gemes,

117 831 280 866 baptizanles
296 841 338 860 eos
353 834 379 860 in
394 836 496 863 nomine
513 836 618 870 Patris,
639 844 664 866 et
680 838 747 868 Filii
759 863 766 875 τ
778 847 802 868 et
818 842 903 878 Spiri-

117 882 161 905 tus
176 880 303 912 sancti".
335 879 445 908 Necnon
462 887 489 909 et
519 883 564 910 illa
581 891 676 920 magna
697 891 723 914 et
744 887 821 916 beata
838 897 902 916 con-

116 923 201 951 fessio
218 925 289 958 ﬁdei,
308 925 363 952 imo
383 926 441 961 ipsa
458 927 523 955 ﬁdes
540 936 706 964 sanctorum,
724 937 903 962 cttestamcn-
919 921 940 948 Β

115 974 191 1003 tum,
208 971 279 1005 quod
299 971 485 1006 disposuimus
503 974 536 1001 ad
552 974 681 1010 Patrem,
701 982 728 1004 et
744 974 859 1012 Filium,
874 985 901 1008 et

115 1013 247 1049 Spiritum
264 1022 404 1050 sanciunt,
428 1018 461 1045 ad
478 1027 586 1047 sacrutn
604 1021 741 1050 lavacrum
759 1033 900 1059 regenera-

114 1061 197 1089 tionis
219 1063 372 1095 venientes,
393 1064 511 1092 confessi
538 1067 578 1095 sic
596 1077 602 1094 :
624 1078 633 1094 ι
649 1068 737 1096 Credo
762 1070 789 1097 in
814 1071 899 1100 Deum

114 1104 221 1134 Patrem
232 1108 455 1143 omnipotentem,
466 1115 493 1137 ct
507 1111 533 1138 in
546 1111 638 1139 Jcsum
650 1113 789 1142 Christum
799 1114 897 1145 Filium

112 1153 172 1186 ejus
188 1154 375 1189 unigenitum,
394 1161 420 1182 et
437 1156 567 1190 Spiritum
592 1163 726 1186 sanctum.
744 1170 754 1186 ι
784 1160 816 1189 Et.
836 1162 898 1190 licet

113 1197 246 1226 Dominus
270 1199 368 1227 dixerit
386 1210 392 1227 :
411 1200 522 1229 Credite
533 1203 560 1229 in
577 1203 678 1237 Deum,
703 1211 725 1233 et
743 1207 770 1233 in
785 1216 825 1234 me
839 1217 896 1236 cre-

109 1245 164 1272 dite
175 1246 208 1277 ",
224 1251 251 1273 et
266 1254 319 1273 non
334 1247 401 1274 dixit
417 1258 423 1275 :
440 1248 548 1277 Credite
563 1250 590 1277 in
607 1248 738 1285 Spiritum
753 1259 893 1290 sanctum;

110 1295 200 1318 tamen
214 1293 327 1326 apostoli
342 1293 495 1321 docuerunt
505 1294 639 1323 Ecclesias
654 1297 727 1324 orbis
742 1298 852 1328 credere
867 1300 894 1328 in

109 1334 227 1370 Patrem,
242 1343 267 1365 et
279 1335 386 1370 Filium,
404 1344 431 1366 et
444 1337 575 1374 Spiritum
596 1347 733 1370 sanctum.

144 1383 171 1410 8.
191 1382 262 1418 Ergo
284 1382 377 1410 dicant
400 1384 423 1411 si
439 1385 513 1413 salus
527 1390 569 1413 est
592 1386 635 1414 his
646 1406 654 1418 ,
669 1387 717 1422 qui
735 1390 850 1417 credunt
864 1391 891 1419 in

106 1426 232 1461 Patrem,
249 1433 275 1456 et
301 1428 420 1464 Filium,
439 1435 465 1457 et
488 1439 541 1458 non
568 1433 682 1461 credunt.
706 1434 732 1461 in
761 1435 891 1471 Spiritum

106 1479 246 1508 sanctum;
263 1475 309 1502 sed
325 1476 411 1503 absit!
431 1485 519 1512 neque
531 1479 602 1505 enim
618 1480 645 1506 in
665 1479 749 1508 Deum
766 1483 889 1518 creduttt,

105 1520 151 1553 qui
167 1528 220 1547 non
234 1521 347 1548 credunt
361 1521 387 1548 in
402 1521 532 1556 Spiritum
549 1529 688 1558 sanctum;
701 1527 770 1554 adeo
785 1527 891 1557 utPau—

104 1565 157 1599 lus.
172 1567 288 1595 inventis
300 1568 461 1602 qutbusdam
472 1569 614 1604 discipulis
627 1575 654 1598 et
666 1572 850 1608 interrogatis,
866 1577 888 1603 si
902 1589 925 1621 ρ

104 1615 235 1651 Spiritum
261 1621 384 1644 sanctum
411 1618 580 1652 accepissent
595 1620 736 1649 credentes
753 1643 760 1654 ,
782 1623 889 1659 illisque

103 1662 346 1696 respondentibus,
363 1670 412 1690 nec
425 1664 447 1690 si
470 1668 542 1691 esset
559 1663 675 1699 Spiritus
691 1673 803 1696 sanctus
814 1689 821 1701 ,
839 1678 888 1697 au-

103 1708 184 1740 disse,
197 1708 264 1735 dixit
278 1718 284 1735 :
298 1704 330 1735 Ῑη
344 1717 394 1744 quo
406 1718 466 1745 ergo
485 1711 612 1745 baptizati
626 1713 688 1739 estis
698 1714 739 1739 ἐἶ’
756 1716 885 1749 probans,

100 1753 147 1788 qui
166 1761 221 1780 non
236 1758 300 1781 sunt
321 1754 448 1789 baptizati
466 1756 493 1783 in
517 1755 628 1785 nomine
646 1759 763 1794 Spiritus
785 1763 884 1795 sancti,

100 1807 150 1826 nec
166 1799 193 1826 in
207 1799 305 1831 Patris,
319 1805 345 1828 et
360 1800 420 1828 Filii
444 1803 554 1831 nomine
576 1811 637 1831 esse
656 1805 816 1840 baptizatos.
847 1808 885 1837 lta

99 1845 179 1880 plane
192 1850 219 1873 et
233 1851 387 1874 creatorem
404 1847 535 1881 Spiritum
554 1855 677 1878 sanctum
699 1854 882 1888 agnoscimus.

98 1891 225 1926 Alioquin
243 1892 266 1919 si
281 1897 388 1919 creator
406 1902 459 1920 non
475 1899 548 1922 esset
562 1901 587 1923 ct
603 1897 660 1924 sine
682 1898 740 1933 ipso
757 1900 790 1926 ab
806 1901 883 1928 initio

98 1936 181 1963 creati
193 1944 298 1968 sumtis,
313 1937 450 1971 quomodo
463 1939 488 1965 in
501 1941 704 1974 regeneratione
716 1943 774 1970 sine
785 1951 817 1970 eo
828 1951 882 1971 non

98 1981 307 2016 regeneramur?
320 1981 374 2009 Aut
386 1983 409 2010 si
427 1983 539 2012 forsitan
551 1985 583 2012 ad
596 1986 668 2013 illam
682 1988 881 2023 antiquitatem,

96 2033 158 2061 quae
168 2026 254 2054 fuerat
267 2032 330 2054 ante
339 2030 587 2062 praevaricationem
600 2030 664 2059 Adae
676 2052 683 2063 ,
701 2033 817 2061 restituit
831 2042 881 2062 nos

95 2073 310 2106 regenerationis
327 2073 461 2100 lavacrum
475 2095 483 2107 ,
507 2075 549 2102 vel
565 2076 677 2104 minoris
692 2076 803 2106 factura:
817 2079 881 2107 Atla:

95 2118 264 2152 regeneratio
287 2125 398 2146 nostra:
412 2120 541 2154 quoniam
567 2126 631 2150 ante
652 2123 762 2158 quidem
777 2124 879 2158 dicitis,

95 2163 154 2190 sine
163 2163 265 2198 Spiritu
280 2169 373 2192 sancto
388 2166 469 2193 creati
486 2174 592 2201 sumus,
608 2169 745 2203 quomodo
757 2178 822 2198 vero
835 2171 879 2198 hic

93 2213 251 2244 assumptus
272 2210 385 2238 estsine
409 2219 491 2239 causa
522 2213 549 2240 in
569 2215 800 2248 regenerationem
826 2225 877 2244 no-

966 305 1033 324 umts
1050 297 1120 325 Deus
1138 299 1219 327 Pate’r
1230 323 1237 334 ,
1253 310 1285 328 ex
1298 311 1349 337 quo
1364 305 1452 331 omnia
1466 325 1473 338 ,
1494 310 1519 332 et
1539 314 1606 335 unus
1622 308 1750 337 Dominus

965 348 1052 369 noster
1065 342 1142 371 Jesus
1156 345 1278 374 Christus
1289 368 1297 381 ,
1321 356 1368 382 per
1380 358 1456 385 quem
1471 353 1559 378 omnia
1573 374 1580 386 ,
1596 358 1620 380 et
1642 363 1689 381 nos
1706 365 1751 388 per

963 388 1049 423 ipsum
1061 390 1091 418 ".
1124 388 1173 419 llic
1196 393 1268 420 enim
1292 394 1359 422 nihil
1381 396 1414 423 de
1431 395 1533 431 Spiritu
1559 405 1653 427 sancto
1670 401 1748 430 dixit.

963 433 1067 466 Quibus
1084 436 1220 465 dicimus:
1237 438 1336 467 Sancta
1364 441 1446 477 776
1469 451 1518 478 per
1533 443 1631 473 Filium
1655 453 1747 476 creata

962 485 1004 507 est
1020 486 1155 515 creatura,
1170 489 1216 511 aut
1239 492 1293 512 non
1312 492 1406 515 sancta
1425 497 1431 515 Ζ
1449 490 1596 525 etquidem
1613 500 1668 520 non
1685 502 1748 521 san-

962 530 1033 553 ctam
1049 527 1102 555 dici
1120 536 1135 555 a
1153 529 1268 558 Domino
1282 537 1412 565 creatam,
1431 534 1553 563 illicitum
1567 542 1624 572 est;
1639 539 1662 566 si
1681 547 1745 567 vero

961 577 1082 600 sanctam
1101 576 1202 603 creavit
1226 577 1312 607 Filius
1338 587 1411 608 nunc
1437 582 1609 612 sanctiﬁcans
1632 593 1691 613 eam
1715 587 1744 614 in

961 615 1074 652 Spiritu,
1088 619 1224 654 superﬂua
1242 627 1315 650 esset
1337 631 1397 659 qua:
1411 626 1492 653 datur
1507 626 1531 654 ei
1550 636 1598 662 per
1612 628 1742 664 Spiritum

959 662 1153 700 sanctiﬁcatio,
1168 672 1195 694 et
1212 669 1289 696 valde
1304 669 1410 698 inﬁrma
1427 676 1508 707 atque
1522 673 1610 703 inanis
1624 684 1631 703 :
1646 677 1739 709 veluti.

957 717 1018 737 cum
1043 712 1099 738 sole
1118 714 1206 741 medio
1223 723 1305 743 cursu
1321 716 1373 744 dici
1398 718 1567 749 illuminanle
1582 722 1675 751 orbein
1693 725 1740 760 qui

956 756 1008 784 sub
1024 755 1093 784 cmlo
1106 763 1158 790 est,
1174 762 1328 794 superﬂuus
1345 767 1372 791 et
1385 763 1521 799 inﬁrmus,
1537 765 1681 802 inanisque
1695 770 1739 798 lu-

955 809 1043 830 cerna:
1060 803 1095 831 sit
1112 805 1249 840 splendor.
1278 807 1330 836 Sed
1347 811 1476 844 quoniam
1499 820 1553 840 non
1574 815 1737 850 merebatur,

955 848 1089 884 inquiunt,
1103 857 1227 880 creatura
1244 862 1290 888 per
1303 852 1400 883 Filium
1416 859 1578 887 sanctiﬁcari
1589 881 1596 894 ,
1616 861 1674 890 ideo
1688 864 1739 890 mia

954 895 1095 924 nistcrium
1106 896 1224 932 Spiritus
1235 899 1342 928 induxit
1353 901 1432 937 Deus,
1449 909 1478 931 ut
1490 911 1538 939 per
1549 906 1624 934 illuni
1637 911 1738 937 sancti-

953 940 1089 969 ﬁcaretur.
1118 942 1189 978 Ergo
1207 947 1292 974 creari
1316 948 1426 982 quidem
1449 958 1496 985 per
1510 949 1608 980 Filium
1625 956 1735 990 meruit,

951 986 1113 1015 sanctiﬁcari
1132 997 1196 1016 vero
1211 998 1266 1018 non
1281 994 1380 1020 meruit
1395 1004 1401 1021 :
1415 996 1480 1030 quid
1496 997 1568 1024 enim
1580 997 1667 1034 majus
1682 1008 1734 1034 est,

950 1031 1053 1065 creari,
1081 1041 1114 1060 an
1133 1035 1322 1063 sanctiﬁcari?
1343 1038 1454 1067 Pensate
1480 1041 1570 1077 itaque
1584 1044 1610 1071 in
1633 1050 1735 1075 statera

949 1077 1047 1105 mentis
1060 1083 1155 1106 vestrae
1166 1100 1173 1113 ,
1185 1082 1395 1118 conspicientes,
1410 1089 1439 1113 ut
1453 1087 1494 1114 vel
1509 1088 1548 1116 sic
1561 1091 1734 1121 considerare

948 1122 1069 1156 possitis,
1093 1125 1164 1158 quod
1179 1127 1258 1154 etiam
1276 1127 1326 1163 ipsi
1339 1137 1387 1158 vos
1401 1131 1477 1159 inviti
1490 1133 1656 1163 conﬁtemini
1672 1137 1733 1172 Spi-

947 1166 1015 1195 ritus
1026 1168 1194 1204 dignilatem.
1204 1170 1273 1208 Ergo
1288 1176 1374 1203 creari
1383 1177 1491 1211 quidem
1501 1186 1624 1209 creatura
1631 1190 1678 1217 per
1687 1166 1732 1211 liii—

947 1210 1012 1239 lium
1025 1215 1189 1249 merebatur,
1199 1218 1361 1247 sanctiﬁcari
1377 1210 1441 1250 vero
1456 1231 1503 1259 per
1512 1225 1652 1260 Spiritum,
1666 1231 1729 1264 quia

946 1256 1058 1286 minime
1075 1259 1183 1295 indigna
1202 1270 1250 1290 sua
1266 1261 1479 1297 sanctiﬁcatione
1491 1273 1729 1304 creaveritFilius.

980 1302 1005 1330 9.
1026 1302 1078 1331 Sed
1095 1307 1244 1340 oportebat,
1263 1309 1399 1344 inquiunt,
1415 1320 1463 1346 per
1480 1313 1609 1349 Spiritum
1628 1302 1730 1346 sancti;

944 1347 1021 1375 ﬁcari
1035 1356 1094 1377 eam
1110 1351 1185 1384 prius
1197 1373 1205 1385 ,
1223 1358 1253 1380 ut
1272 1354 1312 1382 sic
1325 1363 1473 1385 mereretur
1488 1360 1611 1395 accipere
1624 1361 1685 1391 Filii
1701 1369 1729 1392 et

943 1391 1031 1421 Patris
1043 1397 1296 1427 sanctiﬁcationem.
1314 1399 1418 1433 Quibus
1431 1403 1547 1433 dicimus
1567 1416 1573 1433 :
1592 1405 1662 1443 Ergo
1673 1418 1727 1437 non

943 1445 1035 1468 sancta
1054 1451 1160 1471 creasse
1174 1444 1272 1473 Filium
1286 1447 1401 1476 dicitis?
1423 1450 1500 1479 Absit
1513 1455 1519 1479 !
1547 1451 1641 1490 Neque
1654 1458 1726 1485 enim

942 1487 1001 1515 sine
1011 1484 1080 1516 Filio
1091 1489 1208 1525 Spiritus
1219 1494 1379 1525 sanctiﬁcat.
1392 1505 1442 1525 nec
1455 1497 1539 1527 Filius
1551 1484 1610 1528 sine
1623 1501 1725 1538 Spiritu

940 1534 982 1561 vel
996 1534 1086 1568 Patre,
1107 1537 1187 1564 sicuti
1202 1543 1227 1566 et
1241 1546 1291 1567 vos
1304 1540 1423 1575 dixistis,
1439 1548 1466 1570 et
1482 1550 1523 1572 est
1539 1554 1631 1574 verum
1653 1551 1725 1583 quol

940 1577 1040 1606 Paulus
1052 1580 1083 1607 ad
1096 1580 1352 1613 Thessalonicenses
1361 1586 1492 1620 scribens,
1503 1589 1556 1617 ait:
1567 1587 1627 1625 Ipse
1638 1599 1727 1621 autem

940 1624 1021 1656 Deus,
1028 1631 1051 1652 et
1060 1624 1140 1654 Pater
1147 1633 1243 1662 noster,
1251 1635 1275 1656 et
1284 1630 1409 1659 Dominus
1416 1632 1494 1662 Iesus
1501 1635 1622 1664 Christus
1630 1641 1728 1666 sancti-

938 1670 997 1704 ﬁcet
1006 1679 1048 1698 vos
1057 1673 1090 1698 ad
1097 1674 1239 1708 perfectum
1247 1675 1270 1692 ’⁸
1280 1685 1287 1709 ;
1296 1677 1329 1705 ad
1337 1678 1493 1709 Corinthios
1500 1689 1563 1710 vero
1571 1683 1598 1710 in
1606 1683 1724 1719 Epistoia

937 1718 1024 1752 prima
1035 1728 1041 1746 :
1052 1718 1103 1746 Sed
1112 1720 1197 1748 abluti
1206 1724 1278 1754 estis,
1290 1724 1335 1750 sed
1345 1726 1583 1762 sanctiﬁcatiestis,
1592 1718 1636 1757 sed
1643 1731 1725 1766 justi-

935 1762 1082 1797 ﬁcatiestis
1095 1765 1121 1792 in
1134 1767 1235 1794 nomine
1248 1767 1354 1796 Domini
1364 1773 1447 1798 nostri
1459 1772 1522 1800 Jesu
1535 1773 1644 1808 Christi,
1656 1782 1680 1804 et
1695 1778 1724 1805 in

936 1806 1038 1841 Spiritu
1053 1809 1100 1836 Dei
1116 1813 1200 1838 nostri
1215 1813 1247 1839 ’⁸.
1267 1813 1405 1844 Videtisne
1421 1818 1551 1847 unitatem
1567 1806 1722 1851 sanctiﬁca-

934 1853 1025 1886 tionis.
1037 1857 1174 1890 quomodo
1185 1857 1273 1893 Pater,
1289 1865 1316 1887 et
1327 1858 1423 1895 Filius,
1437 1868 1464 1891 et
1477 1862 1595 1899 Spiritus
1609 1874 1720 1898 sanctus

934 1901 1087 1929 sanctiﬁcat
1099 1906 1272 1932 creaturam?
1288 1906 1316 1933 Si
1330 1907 1411 1943 igitur
1421 1916 1517 1939 sancta
1529 1914 1631 1942 creatio
1643 1922 1721 1944 crea-

934 1949 960 1972 ta
974 1950 1032 1980 est,
1056 1947 1116 1975 sine
1131 1948 1231 1984 Spiritu
1251 1957 1339 1980 autem
1354 1960 1449 1982 sancto
1464 1964 1518 1984 non
1539 1963 1580 1985 est
1598 1962 1718 1989 sanctiﬁ-

932 1994 992 2018 cata
1004 2012 1011 2025 ,
1029 1997 1057 2019 et
1071 1992 1202 2028 Spiritum
1217 2001 1340 2025 sanctum
1356 2005 1506 2030 creatorem
1525 2011 1586 2033 esse
1606 2014 1718 2036 necesse

931 2041 974 2063 est
994 2045 1090 2066 omnes
1106 2039 1238 2068 conﬁteri.
1273 2043 1399 2079 AliOquin
1418 2047 1441 2075 si
1456 2047 1508 2076 hoc
1522 2051 1644 2080 conﬁteri
1661 2061 1716 2082 non

931 2082 1023 2114 vultis,
1043 2085 1108 2118 quid
1122 2086 1213 2121 utique
1225 2087 1323 2116 facturi
1336 2091 1412 2124 estis,
1431 2093 1553 2123 dicentes
1576 2105 1629 2125 non
1651 2107 1717 2127 san-

930 2132 1002 2155 ctam
1016 2135 1134 2158 creatam
1146 2139 1206 2160 esse
1221 2135 1399 2170 creationem,
1409 2138 1506 2168 deinde
1523 2149 1570 2176 per
1581 2143 1716 2178 Spiritum

930 2174 1150 2204 sanctiﬁcatam?
1179 2177 1230 2205 Sed
1258 2179 1358 2209 timetis
1382 2174 1715 2223 irreligiosi—tatis-notam.

930 2223 1052 2248 sanctam
1068 2228 1132 2248 vero
1141 2223 1322 2252 conditionem
1335 2232 1465 2257 creatura:
1479 2233 1638 2262 omnimodo
1648 2244 1716 2264 θοι]-

93 2255 198 2282 stram?
223 2255 324 2284 Verum
342 2257 393 2284 hoc
416 2257 505 2285 dicere
530 2259 711 2295 irreligiosum
726 2267 768 2288 est
784 2270 790 2288 :
806 2270 876 2290 anne
892 2258 914 2285 Ῑ)
929 2262 1044 2296 litentés,
1062 2273 1115 2292 non
1133 2271 1222 2295 tamen
1238 2269 1296 2297 sine
1307 2270 1406 2305 Spiritu
1418 2276 1625 2312 sanctilicalam,
1638 2287 1715 2309 crea-

92 2301 181 2335 major
193 2305 219 2328 et
231 2302 334 2330 cautior
349 2307 477 2338 tanquam
493 2305 552 2332 sine
562 2313 594 2332 eo
611 2311 718 2334 creatus
735 2307 770 2334 sit
783 2307 874 2342 homo,

91 2351 119 2374 et
132 2347 280 2380 exciderit,
297 2349 358 2376 ideo
377 2355 533 2384 assumptus
548 2350 665 2385 Spiritus
682 2354 710 2379 in
731 2361 876 2389 regenera-

91 2395 166 2422 tione
181 2399 273 2422 nostra
296 2395 329 2422 ad
351 2397 460 2423 tutelam
485 2397 649 2424 certiorem?
671 2399 725 2426 Sed
740 2403 767 2426 et
784 2400 874 2435 ipsum

89 2439 168 2466 valde
183 2439 310 2473 impium,
334 2439 375 2467 vel
392 2441 419 2467 in
435 2448 545 2468 sensum
560 2442 676 2478 alicujus
699 2443 802 2471 subire.
830 2445 875 2472 Di-

89 2488 154 2511 cant
181 2484 281 2519 igitur,
307 2486 443 2520 quomodo
467 2486 585 2521 Spiritus
602 2494 759 2523 assumptus
776 2494 819 2517 est
840 2491 874 2518 ad

88 2530 322 2564 regenerationem
345 2535 483 2564 nostram,
503 2533 550 2567 qui
574 2541 627 2560 non
644 2535 746 2562 ereavit
769 2543 819 2563 nos
837 2537 872 2563 ab

89 2575 167 2602 initio
180 2584 188 2602 :
201 2576 335 2611 siquidem
346 2585 400 2604 non
412 2578 527 2612 creavit;
538 2578 632 2606 dicetis
643 2579 722 2613 forte,
734 2585 764 2607 ut
775 2582 876 2609 sanctis

87 2622 151 2648 ﬁcet
167 2622 324 2650 accedentes
351 2624 384 2650 ad
409 2624 548 2651 lavacrum
571 2627 791 2659 regenerationis.
825 2627 873 2654 Est

87 2667 160 2693 enim
187 2664 302 2702 Spiritus
319 2673 446 2701 sanctus,
473 2670 645 2698 sanctiﬁcans
659 2676 786 2705 sanctos,
813 2680 870 2700 non

86 2716 178 2740 tamen
191 2718 306 2742 creator.
319 2713 416 2742 Omnia
430 2717 502 2744 enim
515 2724 547 2744 ex
556 2716 610 2744 Deo
621 2725 668 2752 per
678 2717 776 2745 Filium
790 2722 869 2746 crea-

385 2850 408 2865 "
421 2849 431 2876 l
446 2850 524 2879 Joan.
539 2859 568 2882 tt.
590 2852 615 2881 ί.
629 2853 655 2879 Ξ.
705 2853 759 2880 “M

400 2893 426 2919 ν,
441 2885 485 2913 25.
525 2888 546 2903 ’ν
561 2887 644 2915 IGor.
659 2896 695 2922 vt,
719 2890 760 2918 li.

99 2851 101 2854 ‘
122 2846 144 2862 ¹¹
157 2845 235 2874 Joan.
249 2856 305 2881 xvi,
319 2850 346 2877 5.

84 2887 145 2914 Viti,
161 2883 186 2909 6.
225 2884 247 2899 ’³
263 2883 272 2910 l
286 2884 381 2913 Thess.
400 2893 426 2919 ν,
441 2885 485 2913 25.

705 2853 832 2882 "Matth.
845 2863 940 2889 xxvut,
955 2857 998 2885 l9.

800 2891 822 2907 ³ο
832 2891 914 2918 Ρελιι.⁶
932 2900 1016 2927 xxx",
1046 2893 1072 2920 6.

931 2312 1015 2335 torem
1028 2310 1138 2338 omnino
1153 2311 1319 2341 conﬁtemini
1333 2316 1414 2344 etiam
1428 2318 1571 2354 Spiritum,
1585 2323 1608 2350 si
1624 2324 1711 2358 scitis,

929 2353 1047 2382 Verbum
1071 2356 1115 2384 Dei
1138 2356 1235 2386 Filium
1251 2359 1337 2395 ipsius
1361 2370 1431 2391 esse.
1448 2353 1554 2393 iAudite
1579 2368 1606 2394 in
1635 2377 1712 2398 χχχιι

927 2401 1033 2435 psalmo
1048 2400 1182 2430 dicentem
1200 2413 1206 2431 :
1228 2403 1309 2433 Verbo
1322 2406 1428 2435 Domini
1444 2410 1501 2437 caeli
1523 2411 1623 2445 ﬁrmali
1636 2421 1710 2448 sunt,

927 2451 952 2472 et
967 2447 1061 2481 spiritu
1076 2449 1130 2475 oris
1147 2449 1203 2484 ejus
1221 2452 1305 2479 omnis
1317 2454 1398 2481 uirtus
1412 2463 1501 2482 eorum
1513 2457 1553 2491 '°;
1569 2463 1595 2486 et
1611 2460 1712 2491 docen«

927 2497 980 2520 tem
998 2502 1046 2521 nos
1068 2502 1121 2521 non
1141 2495 1199 2524 sine
1215 2496 1315 2532 Spiritu
1331 2504 1443 2534 sancto,
1461 2510 1542 2537 quem
1555 2511 1570 2530 a
1585 2512 1713 2541 corpore,

926 2547 977 2566 suo
991 2547 1037 2567 ore
1055 2538 1172 2569 Verbum
1187 2543 1213 2570 in
1228 2543 1325 2572 faciem
1338 2546 1523 2580 apostolorum
1541 2550 1654 2584 spiravit
1666 2551 1693 2579 di

925 2592 989 2612 cens
1003 2594 1008 2611 :
1024 2586 1137 2620 Accipite
1152 2586 1280 2622 Spiritum
1294 2595 1415 2617 sanctum
1428 2592 1465 2625 ³¹,
1480 2599 1631 2623 creaturam
1647 2605 1711 2625 esse.
1744 2626 1751 2631 ,

926 2636 1044 2658 creatam
1059 2641 1066 2659 :
1079 2640 1167 2667 neque
1182 2634 1255 2661 enim
1271 2642 1301 2662 os
1322 2636 1436 2664 habebat
1449 2646 1510 2665 cum
1529 2641 1564 2666 sit
1579 2640 1708 2676 incorpo..-

925 2676 981 2704 rale
999 2676 1112 2705 Verbum
1133 2679 1175 2706 vel
1188 2679 1270 2715 hujus
1285 2681 1374 2709 Pater.
1403 2683 1530 2719 Alioquin
1545 2685 1568 2712 si
1582 2686 1615 2713 ab
1629 2687 1709 2716 initio

925 2723 983 2750 sine
997 2723 1098 2758 Spiritu
1111 2730 1204 2753 sancto
1218 2727 1300 2754 creati
1314 2735 1420 2762 sumus,
1433 2731 1629 2767 quomodoper-
1641 2741 1704 2762 eum

1051 2858 1073 2899 ξε
1087 2857 1267 2899 Joan.xtv,t.
1308 2861 1343 2899 _‘_'
1356 2861 1416 2891 Act.
1436 2873 1493 2899 nx,
1510 2866 1540 2895 5.,
1575 2867 1598 2882 ’⁷
1615 2866 1700 2897 lCor.

1111 2894 1131 2910 ¹¹
1145 2893 1223 2922 Joan.
1242 2903 1287 2928 xx,
1307 2895 1352 2923 22.
