1939 3041
114 121 180 151 1201

605 124 648 151 DE
669 123 856 152 'l‘RlNlTATE
875 125 919 154 ET
940 126 1075 155 SPIRITU
1095 126 1238 155 SANCTO.

1663 128 1731 156 ηοξ

113 193 154 213 ms
174 184 208 212 ³⁷.
231 184 265 212 Et
291 191 421 212 rursum:
442 184 481 211 De
496 185 584 219 fructu
612 186 708 213 ventris
734 187 773 213 tui
800 195 896 221 ponam
910 195 932 223 Α
946 171 1050 222 perunt,
1065 186 1135 213 dedit
1151 187 1187 214 eis
1201 191 1354 221 potestatem
1369 186 1439 221 ﬁlias
1466 187 1513 213 Dei
1534 188 1601 219 ﬁeri,
1617 189 1662 223 qui
1677 196 1731 215 ere»

113 238 191 266 super
222 231 309 257 sedem
326 238 412 256 meam
434 229 467 257 ⁸³.
496 230 571 258 Sicut
593 234 620 258 ct
641 230 738 259 Petrus
755 232 810 259 ait:
830 232 897 259 Pro—

117 278 196 312 pheta
216 285 276 303 cum
289 281 355 304 esset
374 276 467 309 David,
490 282 514 304 et
536 278 624 309 sciret,
641 278 704 313 quia
723 278 897 313 jurejurando

114 323 228 353 iurasset
247 321 288 348 illi
302 321 383 354 Deus,
399 322 431 348 de
448 321 536 356 fructu
550 322 632 349 lumbi
645 323 701 357 ejus
718 324 805 350 sedere
821 323 897 351 Citri-

113 373 184 394 stum
212 366 354 394 secundum
380 374 486 394 carnem
512 376 590 402 super
611 368 735 395 thronum
762 377 838 396 suum
862 370 895 397 ".

112 412 228 446 Quando
250 420 314 440 vero
331 420 365 441 ex
381 420 497 448 persona
513 412 594 445 Filii,
615 422 677 442 cum
702 414 787 443 Isaias
808 414 894 443 dicit:

114 459 178 486 Ilwc
197 459 263 486 dicit
288 459 440 487 Dominus:
456 459 568 495 Propter
590 469 635 489 vos
658 469 758 496 semper
775 461 896 496 blasphe-

112 510 203 532 matur
223 513 315 532 nomen
344 513 430 533 meum
451 505 480 532 in
503 505 621 540 gentibus
639 515 648 534 :
668 512 807 542 propterea
828 515 897 534 nunc

111 552 175 578 sciet
190 551 301 587 populus
314 559 385 579 meus
398 551 426 579 in
446 552 488 579 die
500 552 548 579 illa
562 561 655 580 nomen
668 561 764 585 meum,
775 553 837 588 quia
850 562 897 588 ego

110 598 167 632 ipse
181 598 226 633 qui
240 597 363 633 loquebar
381 597 474 626 adsum
497 599 531 625 ‘°.
547 598 662 631 Quando
679 603 768 626 autem
783 607 817 626 ex
835 607 897 634 per-

111 650 179 670 sona
195 643 313 678 Spiritus
330 644 427 675 sancti,
446 649 475 671 ut
495 651 558 671 cum
579 644 711 679 propheta
728 644 837 680 Agabus
856 645 897 672 di-

111 691 157 715 cat
170 696 177 714 :
193 687 257 715 Haec
271 689 336 716 dicit
351 689 468 724 Spiritus
479 695 605 717 sanctus:
622 689 714 717 Virum
729 691 807 723 hunc,
820 691 896 725 cujus

110 738 150 763 est
165 734 214 760 iste
224 734 356 770 cingulus,
370 736 407 762 sic
420 735 540 770 ligabuut
555 736 583 762 in
599 735 746 764 Jerusalem
757 736 856 769 ludwi,
871 741 896 764 et

112 779 218 806 tradent
240 780 268 806 in
292 788 385 808 manus
399 782 514 817 gentium
532 782 565 810 “.
578 781 679 809 Paulus
693 787 783 810 autem
802 782 835 809 ad
851 781 896 810 Ti-

112 825 252 854 motheum
280 827 373 854 scribit
390 836 397 854 :
416 826 533 862 Spiritus
558 833 645 855 autem
665 829 803 862 manifeste
820 829 893 863 dicit,

111 871 174 904 quia
194 871 222 898 in
244 873 390 900 novissimis
413 873 571 908 temporibus
592 874 725 902 discedent
746 875 854 910 quidam
878 884 895 902 a

111 916 173 951 ﬁde,
187 918 347 946 attendentes
364 920 500 953 spiritibus
515 920 706 954 seductoribus,
721 925 746 948 et
766 920 893 948 doctrinis

110 963 300 991 damaniorum
323 965 356 997 °’,
373 969 425 993 etc.
440 965 488 993 Est
504 966 614 1001 quidem
637 966 746 1001 quando
759 966 850 1000 Pater,
867 972 895 995 et

110 1010 221 1044 quando
233 1010 328 1043 Filius,
341 1014 367 1038 et
377 1011 486 1046 quando
500 1011 618 1046 Spiritus
634 1016 746 1039 sanctus
761 1012 892 1047 loquitur.

111 1055 158 1083 Sic
173 1056 298 1091 equidem
323 1064 372 1092 per
392 1057 512 1092 seipsum
531 1057 611 1085 Pater
631 1058 665 1086 de
679 1057 820 1086 Salvatore
835 1059 891 1087 ait:

111 1099 163 1127 llic
179 1105 216 1128 est
240 1100 329 1128 Filius
353 1110 425 1129 meus
449 1102 570 1136 dilectus,
585 1103 613 1129 in
627 1111 677 1138 quo
698 1103 842 1138 complacui
859 1104 891 1130 “.

111 1146 198 1175 Filitis
220 1155 294 1180 vero,
310 1152 455 1184 antequam
483 1153 691 1177 conversaretur
710 1149 782 1177 inter
804 1150 894 1177 homi-

110 1199 170 1224 nes,
189 1192 303 1227 singulis
318 1193 472 1229 quibusque
495 1198 652 1222 sanctorum
675 1195 782 1222 locutus
797 1199 848 1228 est,
866 1200 894 1223 et

109 1244 171 1273 post
185 1238 212 1265 in
227 1239 326 1266 coelum
341 1247 497 1272 ascensum,
517 1239 635 1275 Spiritus
649 1248 759 1276 quoque
780 1246 893 1269 sanctus

109 1284 142 1315 ad
156 1284 305 1319 discipulos
320 1294 327 1312 :
345 1285 484 1321 Segregate
499 1286 564 1313 mihi
574 1286 728 1313 Barnabam
742 1290 766 1313 et
781 1286 892 1314 Saulum

108 1330 135 1362 in
146 1338 211 1364 opus
230 1330 265 1357 ad
281 1331 349 1366 quod
362 1332 450 1358 vocavi
463 1339 505 1358 eos
519 1331 551 1357 “.
572 1331 605 1358 Et
628 1331 757 1366 propheta
782 1331 892 1367 quidem

109 1374 234 1402 Ezechiel
254 1380 350 1403 contra
364 1381 482 1404 veterem
508 1377 637 1412 populum
654 1377 787 1409 clamatus.
803 1377 869 1404 dicit
883 1386 889 1404 ε

111 1418 144 1446 Et
159 1420 335 1447 contristabas
348 1429 387 1447 me
400 1422 428 1448 in
441 1421 481 1448 Itis
497 1421 628 1454 omnibus,
638 1421 702 1448 dicit
717 1421 845 1449 Dominus
857 1422 889 1448 ".

108 1463 210 1493 Paulus
223 1473 289 1493 vero
304 1465 398 1493 scribit
420 1466 453 1493 ad
477 1466 613 1494 novellum
631 1466 761 1502 populum
776 1476 782 1494 :
801 1466 892 1494 Nolite

107 1511 264 1538 contristare
283 1511 413 1546 Spiritum
436 1511 501 1545 Dei,
530 1512 557 1538 in
580 1520 630 1547 quo
654 1512 751 1548 signati
773 1513 836 1540 estis
864 1514 892 1540 in

107 1558 177 1584 diem
194 1558 379 1594 redemptionis
393 1559 426 1586 “.
445 1558 479 1586 Et
501 1558 586 1586 David
600 1559 778 1588 nihilominus
798 1567 892 1588 contra

107 1601 215 1632 Iudaeos
232 1603 317 1631 dicit:
334 1603 369 1631 Et
393 1604 613 1632 exacerbaverunt
631 1604 774 1632 Dominum
797 1606 826 1632 in
848 1605 893 1632 de-

107 1654 178 1676 serto
196 1649 228 1676 ".
245 1648 330 1677 lsaias
350 1658 414 1678 vero
429 1651 462 1678 de
482 1651 584 1679 eisdem
607 1651 665 1678 ait:
682 1650 738 1686 Ipsi
752 1659 810 1678 vero
831 1659 894 1678 con-

108 1694 248 1721 tumaciter
260 1699 377 1730 egerunt,
392 1701 417 1722 et
435 1695 655 1723 exacerbaverunt
677 1695 808 1731 Spiritum
831 1704 894 1723 san-

107 1744 178 1770 ctum
195 1739 227 1767 “.
250 1739 284 1767 Et
302 1741 335 1768 ad
351 1741 507 1769 Corinthios
524 1742 647 1770 scribens
663 1742 763 1770 Paulus
779 1742 816 1770 ait
830 1753 836 1770 :
852 1743 893 1770 An

107 1787 314 1820 experimentum
339 1787 458 1822 quieritis
483 1788 557 1823 ejus,
585 1789 630 1824 qui
657 1789 685 1816 in
707 1797 747 1816 me
775 1789 893 1825 loquitur

108 1833 229 1860 Christus
254 1834 294 1861 "'i
317 1833 349 1862 Et
365 1842 474 1862 rursum
491 1834 614 1862 :‘Mulier
628 1835 711 1870 ligata
737 1840 775 1863 est
792 1840 891 1872 quanto

108 1885 222 1914 tempore
238 1880 297 1907 vivit
312 1881 352 1907 vir
369 1879 445 1915 ejus;
461 1881 484 1907 si
499 1886 586 1908 autem
605 1888 724 1908 mortuus
741 1881 821 1916 fuerit
837 1883 890 1916 uir,
916 1896 917 1899 η

108 1926 219 1956 liberata
237 1927 337 1961 est,cui
349 1927 404 1954 vult
416 1927 507 1961 nubat,
524 1931 626 1954 tantum
640 1928 667 1955 in
681 1927 804 1956 Domino.
822 1929 890 1956 Bea-

109 1972 160 1999 tior
184 1977 271 1999 autem
293 1973 360 2007 erit,
381 1973 405 2000 si
432 1974 470 2000 sic
495 1975 621 2001 manserit
646 1974 788 2001 secundum
806 1983 891 2002 meum

107 2019 283 2045 sententiam:
299 2019 389 2046 videor
415 2020 485 2046 enim
506 2025 530 2046 et
551 2029 597 2056 ego
615 2019 747 2056 Spiritum
772 2021 819 2048 Dei
843 2021 891 2048 ha-

106 2063 165 2090 bere
184 2064 217 2091 "°.
241 2064 275 2091 Et
300 2065 333 2092 ad
352 2064 488 2093 Romanos
504 2065 594 2093 dicit:
619 2066 761 2094 Veritatem
784 2067 843 2094 dico
863 2068 890 2094 in

107 2108 212 2136 Christo
229 2109 304 2143 Iesu,
319 2118 370 2137 non
384 2111 506 2143 mentior,
524 2112 700 2138 testimonium
725 2112 790 2139 mihi
802 2112 890 2147 periti—

106 2156 180 2183 bente
192 2157 352 2184 conscientia
362 2165 420 2185 mea
431 2157 458 2184 in
469 2157 571 2193 Spiritu
583 2162 674 2184 sancto
686 2157 720 2184 “.
733 2157 767 2185 Et
781 2158 808 2184 in
820 2158 888 2185 Isaia

948 234 1013 260 dunt
1028 233 1055 259 in
1076 232 1178 259 nomine
1191 232 1258 267 ejus,
1273 233 1318 267 qui
1331 240 1381 259 non
1399 240 1434 259 es:
1455 233 1592 267 sanguine,
1606 241 1687 268 neque
1699 241 1732 260 ea:

948 279 1080 307 voluntate
1095 278 1156 310 viri,
1174 279 1220 305 sed
1236 286 1269 305 ea;
1287 278 1339 305 Deo
1355 279 1412 304 nati
1427 283 1486 305 sunt
1497 279 1531 305 ".
1760 270 1763 273 Α

984 324 1027 352 12.
1055 323 1093 351 De
1114 323 1287 359 generatione
1312 331 1420 359 quoque
1446 324 1566 351 ﬁdelium
1592 330 1731 358 exponens

947 370 1123 406 postmodum
1143 368 1287 402 Dominus,
1303 368 1480 397 Nicodcmum
1497 369 1647 403 instruens,
1657 368 1730 404 quod

947 422 994 442 eos
1007 415 1054 449 qui
1071 415 1098 441 in
1114 422 1144 442 se
1155 414 1281 447 credunt,
1298 415 1349 442 hoc
1371 419 1415 442 est
1435 415 1481 449 qui
1497 415 1634 449 accipiunt
1655 421 1729 446 eum,

947 467 963 487 a
987 459 1090 495 Spiritu
1115 465 1210 487 sancto
1228 459 1383 495 regenerari
1407 463 1531 494 oportet,
1555 460 1670 487 dicens:
1690 458 1732 486 Ne

947 505 1051 531 mireris
1071 505 1133 540 quia
1147 505 1215 537 diri,
1230 504 1336 539 Oportet
1354 513 1395 533 vos
1411 506 1484 532 nasci
1505 505 1601 533 denuo.
1615 504 1730 540 Spiritus

947 548 992 576 ubi
1007 549 1062 576 vult
1077 550 1171 585 spirat,
1186 555 1210 578 et
1224 558 1312 577 vocem
1325 550 1382 585 ejus
1395 551 1484 583 audis,
1506 556 1529 579 et
1550 551 1633 578 nescis
1662 551 1730 578 unde

947 595 1032 623 veniat
1046 601 1070 623 et
1087 604 1137 631 quo
1152 601 1204 624 eat.
1225 595 1270 624 Sic
1280 601 1318 624 est
1333 597 1419 624 omnis
1431 597 1475 632 qui
1485 601 1563 624 natus
1574 602 1612 624 est
1625 605 1657 625 ut
1669 596 1730 631 Spi-

947 642 1001 668 ritu
1014 646 1106 668 sancto
1118 640 1151 668 7'.
1167 640 1200 668 Et
1213 648 1430 672 commemorans
1443 647 1504 669 ante
1519 651 1525 669 :
1543 641 1618 674 Quod
1635 646 1729 680 natum

946 692 984 714 est
998 694 1030 714 ex
1053 695 1141 720 carne,
1156 695 1218 714 caro
1241 691 1300 714 est:
1317 691 1342 714 et
1353 687 1421 722 quod
1437 687 1557 715 nascitur
1575 687 1607 715 de
1621 688 1728 722 spiritu,

946 733 1054 767 spiritus
1072 737 1120 761 est.
1142 731 1171 760 Si
1190 733 1273 768 igitur
1289 732 1317 760 hi
1337 733 1384 768 qui
1398 733 1501 761 ccelesti
1525 735 1730 769 regeneratione

946 782 1119 814 generantur,
1144 786 1177 805 ex
1196 777 1298 813 Spiritu
1314 782 1409 806 sancto
1425 779 1586 814 regenerati.
1612 786 1645 806 es
1667 778 1724 807 Deo

946 829 1012 852 sunt
1028 824 1158 860 generati,
1174 832 1223 852 cur
1236 831 1289 852 non
1304 823 1328 852 si
1340 824 1405 859 quid
1421 832 1550 860 magnum
1565 829 1592 853 et
1606 825 1729 852 divinum

910 867 931 896 B
945 874 971 898 et
982 870 1116 898 Trinitate
1128 870 1239 906 dignum
1253 870 1287 898 de
1308 869 1409 906 Spiritu
1424 878 1475 898 nos
1491 871 1597 905 opinari
1611 875 1727 906 oportet,

944 921 1076 952 quantum
1088 916 1121 944 ad
1134 917 1280 944 humanam
1291 916 1497 951 possibilitatem
1509 917 1569 944 est?
1580 916 1651 950 Quid
1663 925 1728 945 vero

944 963 1125 998 cogitabimus
1144 963 1242 990 iterum
1266 962 1409 990 audientes
1432 961 1547 989 Paulum
1572 963 1606 990 ad
1631 962 1728 990 Corin-

944 1010 1016 1038 thios
1034 1010 1068 1037 de
1083 1007 1185 1044 Spiritu
1201 1008 1364 1037 scribentem
1379 1017 1386 1035 :
1402 1008 1444 1035 An
1462 1009 1568 1035 nescitis
1584 1008 1647 1044 quia
1667 1017 1728 1035 cor-

943 1065 1007 1091 pora
1021 1060 1106 1084 vestra
1125 1054 1248 1090 templum
1261 1059 1299 1082 est
1317 1055 1434 1090 Spiritus
1454 1055 1538 1082 sancti
1553 1056 1599 1090 qui
1613 1055 1641 1082 in
1656 1055 1728 1082 vobis

942 1107 991 1134 est,
1004 1109 1078 1137 quem
1102 1101 1238 1136 accepistis
1254 1109 1271 1127 a
1286 1099 1339 1128 Deo
1350 1105 1374 1128 et
1387 1109 1438 1128 non
1449 1101 1512 1128 estis
1532 1101 1608 1128 vestri
1621 1102 1633 1129 ?
1646 1101 1728 1135 empti

942 1147 1011 1174 enim
1029 1147 1091 1174 estis
1104 1148 1186 1182 pretio
1198 1154 1302 1181 magno.
1320 1145 1472 1181 Gloriﬁcate
1487 1151 1511 1174 et
1523 1151 1626 1182 portate
1643 1146 1726 1174 Deum

943 1193 970 1220 in
985 1193 1138 1228 corporibus
1155 1193 1247 1220 vestris
1263 1193 1297 1220 ⁷⁷.
1316 1192 1429 1220 Taliane
1443 1193 1477 1220 de
1492 1193 1584 1228 aliqua
1600 1200 1634 1220 ex
1650 1199 1728 1220 crea-

942 1239 1012 1267 turis
1023 1239 1132 1274 proprie
1145 1247 1207 1267 esse
1223 1239 1363 1272 dicuntur,
1378 1243 1406 1268 et
1419 1238 1508 1274 qualia
1524 1239 1559 1266 de
1580 1238 1647 1270 Deo,
1663 1238 1727 1266 talia

941 1285 976 1312 de
996 1285 1098 1320 Spiritu
1113 1285 1265 1313 scriberent
1278 1290 1372 1313 sancto
1391 1285 1415 1313 si
1430 1285 1533 1313 creatio
1551 1284 1641 1312 esset?
1656 1283 1727 1317 Quid

943 1338 1006 1358 vero
1021 1330 1154 1358 faciemus
1180 1330 1321 1358 audientes
1348 1329 1458 1357 Petrum
1482 1330 1516 1357 ad
1535 1329 1668 1357 Ananiam
1683 1329 1727 1357 di-

942 1381 1046 1406 centem
1057 1386 1064 1404 :
1075 1377 1145 1410 Quid
1156 1376 1225 1412 quod
1237 1377 1345 1403 tentavit
1354 1375 1469 1404 Satanas
1480 1384 1525 1403 cor
1537 1380 1610 1404 tuum
1621 1377 1728 1404 mentiri

943 1422 1056 1458 Spiritui
1075 1428 1165 1450 sancta
1180 1427 1209 1450 ut
1228 1423 1393 1450 subtrahens
1410 1423 1441 1450 de
1457 1423 1541 1458 pretio
1558 1422 1657 1458 fundi?
1674 1430 1727 1450 non

942 1477 968 1496 es
983 1469 1106 1496 mentitus
1119 1460 1277 1501 hominibus,
1293 1469 1337 1496 sed
1353 1468 1407 1496 Deo
1422 1468 1455 1496 ".
1470 1468 1565 1496 Dicent
1579 1468 1727 1502 iorte:Qui

945 1514 1059 1550 Spiritui
1077 1513 1124 1542 Dei
1143 1514 1323 1547 mentiuntur,
1338 1513 1410 1541 sicut
1422 1513 1469 1548 qui
1485 1513 1641 1541 ministrum
1660 1521 1728 1541 conc

944 1561 1055 1588 tumelia
1069 1559 1197 1592 alliciunt,
1213 1567 1305 1595 regem
1328 1559 1519 1587 dehonestent.
1536 1559 1642 1592 Quibus
1657 1559 1726 1587 dici-

943 1614 1024 1634 mus:
1039 1605 1110 1641 Ergo
1129 1610 1156 1633 et
1170 1605 1209 1633 illi
1231 1605 1355 1641 apestolo
1368 1605 1540 1639 mentientes,
1557 1613 1650 1633 nonne
1671 1605 1728 1634 Deo

943 1650 1050 1678 mentiti
1067 1655 1132 1678 sunt
1146 1659 1152 1677 :
1169 1654 1218 1678 aut
1242 1650 1290 1685 qui
1309 1650 1450 1685 apostolos
1466 1650 1613 1686 recipiunt,
1634 1658 1728 1679 nonne

943 1696 1028 1724 Deum
1044 1697 1196 1732 recipiunt?
1219 1697 1292 1725 sicut
1308 1696 1440 1724 Dominus
1458 1697 1493 1725 ad
1509 1697 1645 1733 apostolos
1666 1696 1724 1725 ait:

943 1743 996 1775 Qui
1010 1743 1101 1777 recipit
1110 1751 1165 1774 vos.
1176 1751 1216 1771 me
1231 1743 1335 1778 recipit,
1344 1743 1389 1779 qui
1403 1751 1462 1771 vero
1471 1751 1511 1771 me
1524 1743 1732 1778 recipit,recipit

941 1797 1000 1816 eum
1013 1790 1059 1824 qui
1072 1797 1112 1816 me
1126 1789 1198 1816 misit
1207 1790 1240 1817 ".
1249 1789 1397 1825 Oportebat
1411 1797 1476 1825 ergo
1498 1789 1609 1817 Petrum
1625 1797 1727 1817 memo-

941 1838 1061 1862 rantem:
1074 1833 1144 1867 Quid
1157 1835 1226 1870 quod
1234 1836 1343 1863 tentavit
1354 1835 1470 1864 Satanas
1479 1839 1604 1862 eortuum
1618 1835 1726 1863 mentiri

941 1881 1055 1916 Spiritui
1080 1883 1193 1910 sancto?
1220 1890 1273 1909 non
1296 1890 1323 1909 es
1345 1883 1468 1909 mentitus
1486 1881 1601 1916 Spiritui
1617 1887 1726 1914 sancto,

940 1928 984 1956 sed
1011 1928 1144 1956 Deo:aut
1167 1929 1267 1961 dicere,
1288 1927 1359 1962 Quid
1379 1929 1451 1964 quod
1473 1929 1585 1956 tentavit
1610 1928 1726 1956 Satanas

939 1973 1049 2001 mentiri
1063 1974 1140 2002 nobis
1149 1974 1160 2001 ‘i
1169 1973 1231 2001 Non
1241 1983 1268 2001 es
1290 1975 1414 2002 mentitus
1427 1975 1587 2008 hominibus,
1601 1975 1646 2002 sed
1660 1974 1724 2004 Deo.

940 2024 969 2046 ut
985 2019 1126 2054 sequentia
1150 2019 1221 2047 ratio
1244 2019 1354 2047 habeat.
1380 2019 1515 2052 Quoniam
1534 2019 1605 2047 Deus
1623 2020 1725 2048 sanctis

939 2066 998 2093 suis
1011 2065 1062 2092 hoc
1074 2065 1185 2093 tradidit
1198 2070 1224 2093 et
1238 2073 1332 2101 sapere
1351 2070 1379 2094 et
1398 2066 1529 2101 proﬁteri,
1546 2066 1725 2101 quemadmo-

939 2112 1002 2139 dum
1013 2120 1074 2140 cum
1087 2119 1102 2139 a
1116 2112 1178 2140 ﬁliis
1193 2111 1288 2146 lsrael,
1303 2117 1395 2147 spreto
1410 2112 1456 2140 illo
1472 2120 1570 2147 magno
1586 2111 1723 2143 Samuele.

940 2166 987 2185 rex
1016 2157 1178 2192 petebatur:
1201 2162 1370 2192 mcestusque
1395 2161 1478 2191 esset,
1506 2158 1575 2185 dixit
1600 2158 1634 2186 ad
1661 2165 1724 2185 eum

107 2203 238 2230 Dominus
254 2213 260 2230 :
279 2202 367 2230 Filios
387 2204 474 2239 genui,
497 2209 521 2231 et
538 2204 664 2237 exultavi,
693 2203 743 2238 ipsi
765 2212 824 2231 vero
849 2213 889 2232 me
905 2215 926 2241 ι)
942 2204 1032 2231 Deus:
1048 2202 1110 2229 Non
1124 2208 1147 2230 te
1164 2208 1314 2238 spreverunt
1329 2203 1374 2230 sed
1389 2212 1429 2230 me
1446 2203 1479 2231 '°.
1501 2203 1533 2231 Et
1546 2204 1646 2232 talibus
1663 2204 1725 2239 qui-

104 2254 257 2285 spreverunt
271 2250 304 2277 ".
329 2249 359 2276 ιιι
381 2249 527 2285 Evangelia
539 2257 604 2278 vero
619 2259 624 2276 :
641 2249 718 2282 Quod
734 2254 826 2276 natum
848 2256 886 2278 est

103 2297 136 2324 de
153 2305 241 2329 came,
254 2305 316 2324 caro
328 2301 378 2329 est,
396 2301 421 2323 et
434 2299 502 2330 quod
519 2302 611 2323 natum
623 2302 662 2323 est
673 2296 705 2323 de
717 2297 820 2330 spiritu,
834 2297 886 2331 spi-

104 2343 172 2369 ritus
190 2346 239 2376 est,
254 2343 315 2377 quia
333 2341 459 2369 Dominus
475 2341 589 2376 Spiritus
602 2346 641 2368 est
656 2342 690 2369 "'.
706 2341 739 2369 Et
752 2350 862 2369 rursum
879 2351 887 2369 :

104 2389 221 2424 Spiritus
238 2389 282 2416 ubi
300 2388 354 2415 vult
378 2389 472 2423 spirat,
486 2393 510 2415 et
530 2396 615 2415 vocem
635 2388 692 2423 ejus
707 2389 794 2421 audis,
806 2392 830 2415 et
847 2396 888 2415 ne-

102 2435 156 2464 scis
166 2435 236 2462 unde
253 2434 350 2467 veniat,
363 2439 386 2460 et
403 2442 453 2469 quo
467 2438 519 2461 eat.
537 2433 582 2460 Sic
598 2439 636 2460 est
650 2434 735 2461 omnis
750 2434 794 2469 qui
809 2439 886 2461 natus

102 2485 142 2508 est
163 2488 195 2508 es
217 2480 321 2516 Spiritu
344 2481 377 2507 ⁷⁸.
402 2479 472 2516 Ergo
486 2480 544 2507 haec
565 2480 598 2507 ad
617 2479 724 2507 initium
749 2479 888 2516 Evangelii

80 2515 84 2521 ’
102 2535 276 2562 comparans,
290 2526 388 2554 minuit
412 2515 530 2561 Spiritus
546 2526 633 2554 sancti
651 2526 809 2562 dignitatem
820 2515 836 2553 τί
858 2525 886 2553 1η

102 2573 237 2609 principio
255 2573 365 2608 quidem
389 2571 529 2607 Evangelii
546 2571 665 2600 Joannes
686 2572 719 2600 de
734 2572 885 2606 Salvatore,

102 2623 128 2650 cl
143 2619 177 2647 de
198 2619 241 2647 bis
256 2619 302 2654 quj
318 2618 493 2649 crediderunt
514 2618 552 2645 ait
569 2627 575 2645 :
594 2619 729 2653 Quotquot
743 2627 802 2646 eum
818 2627 887 2646 rece-

939 2250 1000 2277 dem
1017 2249 1106 2277 verbis
1123 2249 1220 2276 Petrus
1244 2257 1298 2277 non
1321 2253 1363 2277 est
1376 2257 1462 2277 usus:
1479 2250 1526 2278 sed
1541 2258 1602 2278 cum
1617 2250 1723 2278 Anania

935 2299 963 2322 et
976 2295 1111 2330 Sapphira
1128 2303 1198 2322 uxor
1213 2295 1272 2330 ejus
1288 2300 1426 2330 putarent,
1442 2296 1567 2324 homines
1587 2296 1722 2332 decipere,

936 2350 1007 2370 unus
1020 2350 1053 2369 ex
1075 2342 1135 2374 his,
1155 2343 1202 2377 qui
1218 2343 1305 2377 decipi
1334 2343 1490 2377 putabatur,
1513 2343 1610 2370 Petrus
1630 2343 1722 2373 dixit:

936 2387 1007 2420 Quid
1021 2388 1090 2422 quod
1108 2388 1216 2415 tentavit
1231 2387 1346 2415 Satanas
1361 2388 1468 2415 mentiri
1480 2393 1504 2415 te
1527 2387 1641 2422 Spiritui
1657 2397 1722 2416 san—

939 2434 1002 2461 cto?
1018 2442 1068 2461 non
1081 2442 1108 2460 es
1121 2434 1246 2460 mentitus
1268 2433 1427 2467 hominibus,
1443 2434 1488 2460 sed
1509 2433 1572 2460 Deo.
1596 2434 1641 2462 Sic
1657 2442 1723 2462 sane

938 2486 966 2508 et
985 2479 1018 2508 ad
1041 2479 1202 2515 Sapphiram
1229 2479 1379 2514 ingressam
1397 2480 1526 2506 continuo
1544 2479 1633 2506 dixit:
1650 2479 1722 2512 Quid

940 2526 1008 2561 quod
1023 2525 1139 2552 convenit
1151 2524 1222 2552 vobis
1241 2529 1341 2551 tentare
1357 2523 1487 2558 Spiritum
1501 2524 1610 2551 Domini
1625 2524 1668 2552 ⁸¹ἳ
1689 2525 1722 2553 Et

938 2572 1012 2599 Patri
1031 2572 1151 2607 quidem,
1166 2575 1194 2598 et
1206 2570 1285 2603 Filio,
1301 2575 1327 2598 et
1345 2569 1456 2605 Spiritui
1470 2575 1566 2598 sancto
1579 2571 1671 2599 lideles
1682 2572 1723 2600 vi-

939 2624 1002 2645 vere
1016 2621 1111 2644 sancta
1130 2615 1238 2651 eloquia
1261 2623 1312 2644 nos
1334 2615 1442 2648 docent,
1465 2616 1539 2643 sicut
1561 2616 1663 2645 Paulus
1688 2617 1721 2644 ad

139 2697 162 2713 "’
182 2697 506 2733 Psal.t.xxxvtu,56,57.
544 2698 649 2727 "Psal.
663 2699 776 2731 tum“.
814 2698 903 2726 "Act.
924 2698 1007 2732 11,30.
1046 2699 1069 2715 '°
1081 2698 1134 2726 Isa.
1149 2705 1198 2729 ιιι,
1216 2698 1243 2731 5,
1260 2696 1296 2733 67.7
1318 2697 1346 2733 ξί
1359 2697 1418 2725 Act.
1433 2705 1490 2730 ιιι,
1510 2698 1552 2725 Η.
1591 2698 1613 2714 ⁸⁷
1628 2698 1636 2724 l
1649 2687 1719 2726 ΙΪΊιιί.

105 2733 179 2763 ",1.
234 2733 257 2749 “
286 2733 381 2762 Matth.
403 2742 469 2766 xvii.
490 2734 516 2761 5.
587 2735 611 2750 “
641 2735 700 2762 Act.
733 2742 793 2766 xm,
817 2733 845 2761 2.

105 2776 205 2800 uxvn,
222 2767 266 2795 40.
303 2769 326 2784 ⁵⁸
352 2769 402 2796 lsa.
424 2778 500 2799 thn.
522 2769 565 2797 10.
603 2770 625 2785 ⁸⁸
652 2769 672 2796 ll
694 2770 757 2798 Cor.
779 2777 836 2800 xui,
849 2769 875 2796 5.

914 2733 936 2750 "
965 2733 1065 2761 Ezeclt.
1096 2741 1151 2765 xw,
1178 2733 1223 2760 27.

921 2768 968 2795 "°l
995 2768 1058 2795 Cor.
1078 2777 1127 2800 vn,
1144 2769 1188 2801 59,
1203 2768 1248 2796 40.
1286 2768 1307 2783 ⁷¹
1330 2767 1409 2795 Rom.
1428 2776 1466 2801 lx,
1486 2769 1512 2795 1.

1596 2734 1618 2750 ⁸⁷
1646 2733 1720 2763 Paul.

1551 2769 1573 2785 ⁷¹
1591 2769 1642 2796 lsa.
1656 2776 1675 2801 ι,
1691 2769 1719 2798 2.

1275 2732 1298 2749 ⁸⁸
1317 2731 1416 2766 Ephes.
1438 2741 1476 2765 Iv,
1498 2733 1542 2760 '50.

100 2803 125 2820 ⁷³
144 2803 223 2832 Joau.
246 2811 286 2835 ιιι,
299 2803 362 2836 6-,"
377 2805 441 2832 Cor.
458 2804 552 2836 "1,17.
589 2805 611 2820 ⁷⁸
626 2804 753 2833 Joan.m.
765 2804 791 2832 8.
828 2805 850 2820 "'
859 2804 890 2831 .lo

945 2812 963 2836 ι,
980 2803 1023 2836 η,
1041 2804 1083 2830 Π.
1122 2805 1144 2820 ⁷⁸
1159 2803 1236 2832 Joan.
1251 2811 1291 2836 Ill,
1307 2802 1333 2838 7,
1346 2803 1372 2831 8.
1411 2804 1431 2819 ⁷⁷
1449 2803 1457 2830 Ι
1477 2803 1540 2832 Cor.
1559 2812 1596 2838 Vl,
1616 2805 1659 2837 19,
1674 2804 1719 2832 20.

101 2838 127 2858 ’⁸
146 2839 206 2868 Act.
224 2847 248 2873 v,
265 2839 294 2874 δι
306 2839 332 2866 4.
371 2840 393 2857 ⁷⁵
410 2839 504 2870 Matth.
517 2847 543 2874 ι,
559 2839 603 2868 40..
641 2841 663 2856 ⁸⁸
682 2841 692 2868 ι
709 2840 773 2876 lleg.
801 2848 859 2874 vut,
876 2840 901 2867 7.

943 2840 964 2856 ⁸⁷
988 2839 1047 2867 Act.
1067 2847 1093 2872 v,
1111 2839 1138 2869 9.
