1939 3041
243 108 313 136 1205

511 105 514 108 ⁴
543 106 570 134 S.
591 106 775 135 ATHANASII
793 107 867 135 Ol’P.
888 106 976 134 PARS
990 106 1010 134 l.
1028 122 1062 126 —
1082 103 1266 133 HISTORICA
1284 103 1328 131 ET
1350 102 1557 131 DUGMATlCA.

1781 101 1838 128 ίξοι

244 169 382 196 immanes
394 168 486 195 scribit
501 177 507 194 :
524 168 599 200 Quod
619 173 706 196 autent
723 174 840 196 mortuus
853 174 890 196 est
906 155 1020 204 peccato,
1036 170 1060 198 Α
1073 174 1173 202 corpus
1186 165 1306 198 Domini,
1329 171 1434 192 necnon
1463 168 1491 190 et
1509 169 1605 190 omnes
1618 166 1734 193 sanctos,
1748 161 1839 196 Spiritu

243 220 363 242 mortuus
386 219 423 241 est
442 213 541 240 semel:
556 215 624 249 quod
640 219 727 241 autent
741 215 814 248 vivit,
831 216 892 242 uiuit
914 215 970 242 Deo
986 215 1020 243 ⁸³.

243 261 276 288 Et
291 268 400 288 rursum
415 269 421 287 ε
449 259 482 286 Ut
498 260 524 286 hi
539 261 584 295 qui
604 261 702 294 vivunt,
717 269 769 288 non
779 261 838 296 jam
859 261 909 288 sibi
923 262 1021 294 vivant,

243 306 288 334 sed
301 307 326 334 ei
338 307 383 341 qui
403 314 450 341 pro
465 306 529 340 ipsis
543 311 661 333 mortuus
675 312 713 334 est
728 312 753 334 et
779 308 921 335 resurrexit
936 309 968 336 ⁸³.
990 308 1023 336 Ει

244 359 354 380 rursum
380 352 523 387 increpans
543 352 654 380 Galatas
677 354 774 381 scribit
798 354 821 370 “
835 364 842 382 :
858 353 888 382 Si
913 355 1021 382 vivimus

243 401 349 436 spiritu,
363 401 458 436 spiritu
478 406 503 428 et
522 401 682 428 ambulemus
701 402 768 437 (25).
788 402 821 429 Et
837 409 899 430 cum
921 401 1022 429 Paulus

242 448 344 475 diceret
365 456 373 476 :
400 446 482 475 Nobis
513 456 572 474 vero
599 456 666 474 unus
697 447 766 475 Deus
792 447 890 480 Pater,
915 456 946 474 ea:
971 455 1021 484 quo

242 494 340 526 omnia,
353 499 378 521 et
401 502 466 520 unus
492 493 618 521 Dominus
640 493 717 521 Iesus
740 493 870 526 Christus,
887 503 932 529 per
947 503 1022 530 quem

243 540 330 566 omnia
352 539 386 566 ".
414 539 447 566 Et
469 540 540 574 quod
555 544 596 567 est
610 540 734 574 majusin
753 545 807 566 tota
821 544 954 569 creatura.
972 541 1021 567 hoc

243 589 284 610 est
299 592 398 620 corpus
412 584 530 618 Domini,
543 593 574 613 ex
590 585 693 620 Spiritu
707 591 801 613 saneto
813 593 874 613 esse
890 586 1020 618 creditur,

241 629 323 664 7'78
330 630 398 656 sicut
405 630 567 665 evangelista
574 630 713 658 Matthteus
723 630 829 658 tradidit
839 641 845 658 :
857 631 956 658 Christi
963 639 1020 658 vero

241 676 374 710 generatio
386 677 425 702 sic
439 677 490 710 fuit
504 685 513 704 :
528 677 595 704 Cum
605 677 763 712 desponsata
774 683 840 705 esset
858 678 945 705 Maria
963 687 1020 705 ma-

242 727 281 748 ter
291 723 347 756 ejus
365 723 397 749 ab
412 722 518 758 Ioseph,
532 730 670 759 antequam
683 726 856 756 convenirent,
869 725 972 752 inuenta
983 729 1020 752 est

240 775 268 794 m
294 773 367 794 utero
384 768 479 795 habens
503 769 534 795 de
558 768 659 803 Spiritu
686 770 908 804 sancto:Joseph
934 775 1021 797 autem

239 813 280 840 uir
293 814 360 848 ejus,
377 823 436 840 cum
458 820 523 841 esset
540 815 617 841 homo
640 816 736 848 justus.
757 821 782 843 et
806 816 884 843 nollet
904 825 960 843 eam
976 818 1021 843 de-

240 864 334 894 tegere,
359 860 440 887 voluit
463 869 521 887 eam
539 861 637 888 occulte
650 862 791 889 dimittere.
817 862 873 889 Hoc
889 868 974 890 autem
992 871 1021 890 eo

240 906 381 938 rogitante,
402 913 459 932 ecce
480 906 587 941 angelus
604 905 711 933 Domini
730 909 756 934 in
782 908 880 934 somnis
894 908 964 934 visus
982 912 1020 934 est

240 951 273 977 ad
295 950 391 985 Joseph
415 953 504 979 dicens
518 961 526 979 :
543 952 639 987 Joseph
653 953 693 988 [ili
709 954 804 985 Dat-id,
822 962 852 980 ne
869 954 962 980 timeas
979 962 1020 980 rc-

239 997 324 1030 cipcre
339 996 454 1024 Mariam
476 1007 583 1026 uxorem
601 1005 673 1031 utam
687 1008 695 1026 :
710 1001 778 1034 quod
798 1000 866 1026 enim
878 1008 910 1026 ea:
929 1008 960 1026 ea
973 1009 1022 1026 na-

239 1047 336 1074 scetur,
350 1043 382 1069 dc
397 1042 498 1077 Spiritu
517 1050 608 1071 sancto
623 1051 662 1072 est
686 1045 718 1072 ⁸⁵.
744 1045 777 1071 Ει
803 1046 864 1072 licet
888 1046 1020 1080 sapientia

240 1084 403 1120 Salomonis,
420 1088 445 1114 in
459 1087 624 1119 Proverbiis.
639 1090 672 1116 de
684 1097 797 1124 corpore
812 1090 960 1118 Salvatoris
980 1091 1021 1117 di-

239 1136 312 1159 ceret
330 1141 337 1159 :
355 1132 492 1168 Sapientia
518 1134 657 1168 tediﬁcavit
682 1135 733 1162 sibi
754 1136 858 1162 domum
876 1137 909 1169 ⁸⁷,
927 1141 953 1163 et
976 1137 1020 1164 hic

238 1179 382 1213 prolitetur
403 1179 573 1213 unigenitum
598 1186 748 1208 creatorem
765 1182 888 1216 corporis
902 1183 955 1216 sui,
977 1183 1020 1211 hic

238 1225 329 1248 tamen
355 1223 467 1258 angelus
493 1232 525 1250 ex
548 1224 649 1259 Spiritu
671 1231 765 1253 sancto
784 1227 850 1254 illud
867 1235 927 1255 esse
941 1227 1019 1260 dixit,

238 1271 266 1292 et
282 1268 322 1295 sic
335 1269 424 1296 omnis
437 1268 607 1298 Christianus
620 1279 681 1298 cum
698 1272 842 1299 instruitur
854 1273 950 1301 credit.
966 1273 1021 1300 Ne-

237 1321 291 1347 que
316 1315 397 1353 enim
419 1315 556 1350 Scriptura
583 1317 655 1345 circa
684 1317 842 1346 Trinitatem
873 1318 1018 1354 discrepat,

237 1367 320 1387 unam
335 1362 513 1397 eamdemque
532 1365 717 1399 operationem
732 1365 791 1400 ejus
808 1364 907 1392 factam
919 1366 1020 1400 ubique

236 1406 349 1434 docens.
378 1406 500 1443 Denique
524 1408 609 1436 Deum
632 1411 752 1445 paritura
775 1411 859 1439 Maria
879 1420 942 1440 cum
967 1412 1020 1440 Ga—

237 1451 349 1479 brielem
364 1454 486 1482 audisset
502 1455 656 1484 dicentem:
673 1456 741 1484 Ecce
758 1463 785 1484 tu
805 1458 832 1484 in
846 1463 920 1485 utero
939 1458 1019 1486 habe-

237 1498 288 1531 bis,
312 1504 337 1526 et
363 1502 448 1534 paries
464 1501 576 1535 Filium,
599 1508 624 1530 et
648 1504 749 1531 vocabis
775 1512 866 1532 nomen
890 1505 946 1539 ejus
972 1505 1015 1533 Je-

235 1553 315 1578 sum,
340 1551 408 1580 etc.;
433 1553 460 1576 et
482 1556 544 1576 cum
569 1549 779 1586 interrogasset:
802 1551 938 1584 Quomodo
967 1552 1017 1579 erit

235 1591 318 1624 istud,
337 1594 399 1628 quia
416 1595 501 1621 virum
517 1604 569 1623 non
584 1597 662 1624 novi?
687 1597 778 1624 statim
802 1597 914 1625 docetur
937 1598 970 1625 ab
985 1606 1017 1625 eo

235 1637 340 1666 dicente
354 1648 361 1666 :
378 1639 493 1674 Spiritus
505 1647 612 1669 sanctus
626 1645 786 1677 superveniet
799 1644 825 1671 in
845 1650 879 1676 te,
897 1648 922 1670 et
934 1644 1016 1671 virtus

234 1685 366 1712 Attissimi
387 1685 552 1714 obumbrabit
568 1688 616 1715 tibi
630 1696 639 1714 :
652 1694 787 1724 propterea
808 1691 878 1725 quod
896 1695 1018 1718 nascetur

233 1739 267 1759 ea:
282 1736 306 1758 te
321 1737 454 1764 sanctum,
465 1733 600 1760 vocabitur
610 1733 697 1761 Filius
713 1734 761 1762 Dei
779 1736 812 1763 ⁸⁸.
831 1735 909 1769 Quod
924 1737 947 1764 si
961 1737 1017 1764 vir-

234 1781 279 1804 tus
295 1777 426 1806 Altissimi
444 1783 485 1806 est
502 1779 657 1816 unigenitus
671 1781 821 1808 secundum
836 1781 961 1814 Paulum,
976 1783 1017 1810 di-

234 1827 361 1850 contem:
380 1823 500 1851 Christus
521 1824 568 1851 Dei
590 1825 681 1859 virtus,
707 1831 731 1853 et
754 1825 800 1852 Dei
824 1827 951 1860 sapientia
968 1827 991 1842 η
1009 1837 1016 1854 :

235 1866 352 1898 Spiritus
367 1877 432 1897 vero
447 1875 557 1898 sanctus
576 1872 737 1905 paracletus,
754 1871 872 1906 Spiritus
886 1873 1015 1905 veritatis,

235 1914 332 1949 hisque
345 1915 581 1950 obumbrantibus,
594 1917 719 1951 pariturm
731 1917 814 1945 Deum
826 1917 928 1952 Μαι-επ,
941 1927 1017 1946 crea-

232 1964 291 1987 tum
310 1966 352 1989 est
368 1961 540 1990 Dominicum
566 1965 717 1999 templum:
737 1966 849 2000 angelus
870 1970 960 1993 autem
983 1974 1017 2000 ex

234 2006 337 2041 Spiritu
356 2013 451 2035 sancto
468 2014 589 2036 creatum
605 2010 680 2038 illum
696 2011 773 2044 dixit,
791 2020 841 2039 cur
863 2021 914 2040 non
934 2021 1016 2040 unam

233 2053 416 2087 operationem
429 2062 490 2082 esse
508 2054 650 2084 Trinitatis
667 2057 830 2084 erudimur?

268 2111 311 2138 15.
333 2111 433 2147 Omnes
460 2120 525 2139 vero
549 2113 640 2141 tidelcs
663 2121 696 2141 ex
721 2113 827 2149 Spiritu‘
847 2120 942 2144 sancto
955 2124 1017 2144 esse

231 2157 300 2190 dixit
315 2157 446 2187 Dominus
462 2159 496 2186 ad
508 2158 685 2187 Nicodemum
701 2160 831 2195 profiteris
849 2171 856 2188 :
876 2161 952 2194 Quod
969 2171 1017 2189 na-

232 2208 287 2230 tum
301 2209 339 2235 est
356 2212 388 2231 ex
410 2212 499 2237 carne,
523 2213 585 2232 caro
606 2210 664 2232 est:
679 2211 704 2233 et
724 2207 793 2241 quod
816 2212 907 2236 m1le
927 2213 965 2235 est
986 2209 1018 2236 de

231 2249 338 2284 spiritu,
361 2250 471 2283 spiritus
487 2257 525 2278 est
539 2259 548 2278 :
562 2260 594 2278 ne
615 2252 717 2278 mireris
740 2253 808 2287 quod
821 2253 935 2280 dixerim
950 2255 1019 2288 tibi:

232 2295 342 2329 Oportet
363 2304 406 2322 vos
423 2297 497 2323 nasci
513 2297 608 2324 denuo.
624 2297 740 2332 Spiritus
752 2299 796 2325 ubi
810 2301 864 2326 vult
883 2302 978 2335 spirat,
992 2306 1019 2328 et

229 2350 317 2370 vorem
333 2342 390 2376 ejus
403 2342 493 2377 audis,
507 2348 531 2369 et
547 2345 631 2370 nescis
653 2345 721 2371 unde
745 2346 841 2377 veniat,
861 2351 886 2373 et
903 2355 953 2381 quo
970 2356 1016 2381 ra-

229 2387 275 2414 dut
291 2395 301 2414 :
316 2389 354 2415 sic
377 2393 416 2415 est
440 2390 535 2422 omnis,
553 2391 598 2425 qui
621 2396 698 2418 natus
715 2397 753 2418 est
773 2400 806 2419 ea:
828 2391 928 2426 Spiritu
949 2402 1013 2420 san-

229 2440 272 2462 cto
287 2435 321 2462 '°.
340 2435 407 2462 Cum
427 2444 492 2471 ergo
510 2437 665 2465 audivimus
679 2438 768 2470 nobis,
784 2438 856 2466 Unus
873 2439 943 2466 Deus
959 2440 1013 2466 Pa-

229 2486 278 2510 ter,
293 2490 325 2508 ea:
342 2490 394 2516 quo
408 2483 507 2516 omnia,
521 2488 545 2510 et
561 2492 628 2514 unus
643 2484 771 2512 Dominus
787 2485 865 2512 Jesus
880 2486 1012 2519 Christus,

228 2535 274 2560 per
284 2535 359 2562 quem
370 2529 457 2555 omnia
466 2534 490 2555 et
498 2537 544 2556 nos
557 2538 603 2563 per
614 2530 700 2564 ipsum
709 2531 743 2561 ⁵⁸.
751 2536 778 2557 et
790 2531 931 2564 habemus,
940 2533 1011 2567 quod

229 2573 318 2607 majus
336 2578 378 2601 est
396 2574 422 2601 in
440 2579 495 2602 tota
510 2580 634 2602 creatura
652 2580 678 2602 et
702 2576 859 2612 gloriosius,
874 2579 946 2612 quod
970 2583 1013 2606 est

262 2663 1011 2702 εψψλωαυηὼωλᾶωωπλᾶ

230 2699 1026 2736 ι.φυημ5μωβᾰεηῑωηάλιηωω

571 2739 587 2756 θ

228 2742 274 2767 μ.
299 2735 326 2771 5‘.
363 2736 386 2751 "
412 2736 484 2764 Psal.
510 2746 546 2770 Vt,

263 2810 322 2850 {25)
343 2811 418 2847 Mss,
435 2818 459 2840 et
474 2821 672 2848 perseveremus.

1073 219 1132 238 esse
1143 215 1251 238 sanctos
1269 219 1275 236 :
1291 216 1340 236 cur
1355 216 1409 236 non
1429 215 1490 243 quae
1511 207 1545 234 de
1566 206 1656 239 Patre,
1672 210 1699 233 et
1713 205 1789 238 Filio,
1801 214 1840 233 ea—

1072 257 1133 284 dem
1147 256 1230 283 ctiam
1247 255 1280 282 de
1303 254 1406 289 Spiritu
1429 259 1522 281 sancto
1548 259 1644 287 sapere
1665 251 1841 286 dirigimurab

1074 302 1240 338 Scripturis?
1269 301 1346 334 Quod
1371 301 1394 327 si
1419 307 1501 335 grave
1522 299 1563 326 vel
1587 298 1663 325 nefas
1687 298 1775 332 impiis
1797 297 1841 325 hoc

1072 356 1131 376 esse
1145 348 1250 375 videtur
1265 357 1271 374 :
1285 354 1350 380 ergo
1364 346 1434 373 sicut
1447 345 1563 372 credunt
1576 344 1604 370 in
1621 343 1711 374 Patre,
1726 347 1753 370 et
1770 342 1840 374 Filio,

1073 394 1110 420 ita
1127 393 1238 420 credant
1252 393 1278 419 in
1291 392 1392 427 Spiritu
1405 394 1511 421 sancto,
1525 395 1552 417 et
1570 390 1640 417 sicut
1662 389 1796 424 baptizant
1817 389 1841 415 iu

1072 438 1182 465 nomine
1209 437 1298 465 Patris
1320 442 1347 464 et
1370 436 1443 468 Filii,
1469 436 1505 462 ita
1534 435 1670 470 baptizent
1693 435 1719 461 in
1745 434 1844 461 neruine

1073 483 1191 518 Spiritus
1221 482 1318 509 sancti.
1338 481 1371 508 Et
1385 482 1456 508 sicut
1470 481 1606 515 baptizant
1630 480 1658 507 in
1681 480 1788 506 nomine
1802 478 1844 505 Pa-

1071 529 1121 556 tris
1132 533 1159 556 et
1175 528 1246 560 Filii,
1261 536 1315 555 non
1338 528 1374 554 ita
1393 527 1532 561 baptizent
1547 525 1630 553 etiam
1651 530 1679 553 et
1702 526 1730 552 in
1745 525 1844 551 nomine

1074 573 1190 609 Spiritus
1211 573 1311 600 sancti.
1331 573 1363 599 Et
1377 572 1527 604 videamus,
1550 572 1571 599 si
1590 571 1631 598 vel
1645 571 1673 598 in
1693 570 1775 597 Deum
1791 577 1845 597 cre-

1072 620 1137 647 dant
1151 619 1192 646 vel
1201 619 1346 653 baptizent,
1355 618 1400 653 qui
1414 617 1452 645 sic
1467 617 1585 651 sapiunt,
1601 621 1708 643 autnon
1719 615 1806 642 vident
1820 614 1844 641 in

1077 663 1224 699 Scripturis
1260 663 1363 690 sanctis
1393 662 1534 690 Trinitatis
1566 662 1706 690 unitatem.
1742 660 1846 695 Scripsit

1072 718 1189 744 namque
1205 710 1239 737 ad
1252 709 1383 745 Ephesios
1399 709 1571 736 beatissimus
1587 707 1687 734 Paulus
1702 717 1709 734 :
1729 707 1844 740 Propter-

1071 764 1102 782 ea
1124 755 1247 790 suscipite
1268 760 1324 781 tota
1339 762 1414 781 arma
1438 755 1500 785 Dei,
1515 759 1543 780 ut
1564 754 1670 788 possitis
1693 753 1808 779 resistere
1822 753 1845 778 in

1071 801 1113 828 die
1126 801 1206 833 titulo,
1220 806 1244 827 et
1260 809 1318 827 cum
1329 801 1418 826 omnia
1427 799 1598 834 perfeceritis,
1610 803 1679 825 state
1690 798 1769 824 cincti
1785 797 1845 823 lum-

1036 851 1058 878 B
1072 846 1117 873 bos
1139 847 1166 873 in
1185 847 1305 877 ueritate,
1326 851 1350 872 et
1377 845 1487 872 calceati
1514 845 1591 879 pedes
1615 845 1642 870 in
1662 843 1846 878 praeparatione

1072 890 1208 925 Evangelii
1224 891 1307 924 pacis,
1324 898 1401 925 super
1411 890 1465 917 haec
1480 891 1568 917 omnia
1583 890 1739 924 accipientes
1753 894 1846 915 scutum

1070 937 1142 970 ﬁdei,
1157 941 1181 962 et
1194 936 1297 971 galeam
1312 936 1407 962 salutis
1424 936 1544 970 accipite,
1556 941 1580 962 ct
1595 936 1714 970 gladium
1729 935 1844 970 Spiritus,

1071 983 1139 1015 quod
1153 987 1190 1009 est
1211 981 1319 1009 Verbum
1341 981 1388 1008 Dei
1411 982 1444 1009 ⁹¹.
1469 982 1538 1010 Ecce
1555 987 1611 1009 tota
1627 989 1702 1008 artna
1725 986 1753 1008 et
1775 981 1842 1016 galea

1071 1028 1132 1055 Filii
1151 1037 1158 1055 :
1175 1028 1232 1063 ipse
1256 1028 1330 1055 enim
1352 1031 1394 1054 est
1418 1028 1545 1055 salutaris
1560 1037 1567 1054 :
1582 1027 1654 1054 sicut
1675 1027 1746 1054 dixit
1767 1027 1844 1054 lsaizs

1071 1075 1224 1110 propheta:
1243 1074 1278 1101 Et
1304 1074 1399 1106 videbit
1417 1075 1500 1101 omnis
1523 1082 1584 1100 caro
1598 1073 1716 1101 salutare
1737 1073 1784 1100 Dei
1803 1081 1845 1098 na-

1070 1121 1119 1148 stri
1132 1121 1164 1146 ⁹³.
1181 1120 1294 1148 Gladius
1312 1128 1375 1148 vero
1391 1119 1508 1155 Spiritus
1525 1119 1611 1147 sancti
1623 1119 1754 1155 nunquid
1771 1119 1845 1145 desti-

1070 1167 1103 1193 tit
1129 1174 1143 1193 a
1160 1166 1310 1193 Trinitate?
1327 1166 1449 1200 nunquid
1473 1172 1527 1193 non
1557 1164 1719 1192 Trinitatem
1743 1163 1845 1192 cdocot?

1075 1212 1145 1245 Quid
1160 1212 1241 1247 igitur
1254 1212 1287 1239 de
1303 1211 1404 1247 Spiritu
1419 1217 1514 1239 sancto
1526 1211 1669 1246 quisquam
1684 1211 1772 1238 dicit?
1791 1218 1845 1237 cum

1070 1258 1138 1285 tales
1156 1257 1337 1292 professiones
1358 1258 1450 1284 audiat
1473 1258 1506 1284 de
1527 1265 1560 1284 eo
1587 1257 1744 1291 Seripturas
1766 1264 1846 1284 enun-

1071 1302 1150 1335 tiare,
1166 1307 1192 1329 et
1212 1307 1321 1330 sanctos
1349 1310 1427 1330 orare
1453 1302 1597 1329 Dominum
1613 1311 1619 1329 :
1633 1302 1758 1333 Domine,
1774 1310 1802 1328 ne
1821 1301 1846 1327 in

1070 1349 1111 1375 ira
1130 1354 1176 1375 tua
1190 1357 1287 1383 arguas
1305 1356 1346 1375 me
1361 1348 1394 1374 “.
1411 1347 1443 1374 Et
1463 1348 1594 1375 Dominus
1607 1348 1632 1374 in
1647 1347 1758 1374 Psalmo
1775 1357 1781 1374 :
1799 1347 1844 1372 Ar-

1069 1402 1149 1429 guam
1164 1399 1198 1426 te,
1215 1398 1239 1420 et
1254 1398 1368 1420 statuam
1382 1399 1488 1428 peccata
1500 1399 1544 1420 tua
1555 1400 1615 1420 ante
1627 1394 1723 1428 faciem
1738 1399 1808 1420 tuam
1815 1391 1845 1419 ⁵⁸.

1069 1439 1103 1467 Et
1121 1439 1287 1466 Salvatorem
1301 1439 1334 1466 de
1350 1438 1450 1473 Spiritu
1468 1443 1563 1466 sancto
1579 1439 1714 1466 dicentem
1732 1448 1739 1466 :
1756 1439 1784 1466 Si
1804 1446 1847 1464 au-

1073 1490 1125 1512 tent
1141 1486 1204 1517 iero,
1220 1485 1322 1511 mittam
1338 1484 1507 1512 Paracletum
1523 1485 1556 1512 ad
1578 1493 1632 1516 vos,
1646 1490 1670 1512 et
1685 1493 1746 1512 cum
1759 1484 1846 1512 uenerit

1038 1529 1123 1566 Pille,
1149 1534 1240 1565 arguet
1266 1530 1393 1557 mundum
1417 1530 1450 1557 de
1476 1535 1592 1565 peccato,
1621 1535 1646 1557 et
1671 1529 1703 1556 de
1729 1531 1844 1564 justitia,

1067 1577 1134 1603 etde
1156 1577 1261 1611 judicio
1290 1577 1324 1604 ’⁸.
1357 1575 1391 1603 Et
1413 1577 1641 1611 quemadmodum
1670 1576 1697 1603 in
1726 1577 1802 1608 Isaia,
1817 1574 1846 1601 de

1068 1623 1277 1650 conversatione
1320 1622 1457 1659 Unigeniti
1490 1625 1561 1650 inter
1594 1623 1719 1650 homines
1748 1621 1845 1649 audivi-

1068 1676 1131 1696 mus
1145 1678 1152 1695 :
1171 1668 1253 1695 Exiet
1266 1669 1339 1704 uirga
1353 1669 1385 1696 de
1400 1669 1488 1695 radice
1509 1668 1591 1702 .Iesse,
1610 1674 1633 1695 et
1653 1669 1701 1703 ﬂos
1718 1669 1750 1695 de
1766 1667 1846 1694 radice

1067 1715 1124 1749 eius
1141 1715 1271 1748 ascendet,
1291 1720 1315 1742 et
1337 1716 1478 1751 requiescet
1495 1716 1523 1742 in
1538 1723 1567 1742 eo
1585 1714 1700 1750 Spiritus
1720 1715 1776 1746 Dei,
1796 1714 1845 1748 spi-

1067 1762 1134 1788 ritus
1151 1762 1287 1796 sapientia:
1301 1766 1325 1789 et
1340 1761 1498 1794 intellectus,
1516 1762 1624 1796 spiritus
1633 1761 1740 1788 consilii
1755 1766 1778 1787 et
1793 1761 1844 1794 for-

1067 1808 1200 1841 titudinis,
1216 1808 1324 1842 spiritus
1336 1807 1452 1835 scicntia:
1470 1813 1494 1835 et
1506 1808 1622 1842 pietatis,
1633 1812 1658 1834 et
1671 1808 1779 1842 repleuit
1792 1813 1845 1833 eunt

1037 1855 1044 1862 ‘
1070 1854 1179 1889 spiritus
1192 1854 1295 1881 timoris
1309 1854 1428 1881 Domini.
1449 1853 1510 1881 Non
1523 1854 1666 1881 secundum
1680 1853 1792 1888 gloriam
1803 1852 1845 1886 ju-

1067 1899 1182 1931 dicabit,
1210 1908 1291 1935 neque
1313 1900 1454 1927 secundum
1479 1899 1609 1935 loquelam
1628 1900 1784 1935 redarguet,
1804 1897 1844 1925 sed

1063 1944 1196 1979 judicabit
1220 1945 1313 1972 humili
1333 1946 1448 1980 judicio,
1472 1950 1496 1972 et
1512 1946 1653 1980 redarguet
1677 1945 1844 1979 superbos,“

1067 1991 1159 2025 eripiet
1175 1990 1284 2018 Immites
1300 1996 1385 2025 terrm,
1399 1997 1422 2018 et
1441 1992 1566 2026 percutiet
1584 1992 1681 2018 terram
1696 1991 1772 2018 uerbo
1786 1998 1844 2021 oris,

1067 2041 1091 2065 et
1113 2037 1208 2071 spiritu
1229 2031 1277 2072 ptri
1294 2037 1366 2064 labia
1385 2038 1523 2072 interﬁciet
1541 2038 1651 2072 impium
1668 2038 1702 2064 '7.
1722 2037 1802 2073 Igitur
1821 2041 1845 2062 et

1067 2087 1259 2110 conversatum
1274 2090 1336 2110 eum
1354 2083 1426 2110 inter
1449 2083 1574 2110 homines
1590 2083 1725 2116 videmus,
1747 2089 1773 2110 et
1789 2081 1845 2116 Spi-

1067 2128 1149 2156 ritum
1165 2127 1222 2162 Dei,
1243 2128 1270 2155 id
1280 2134 1322 2156 est
1336 2129 1466 2164 Spiritum
1484 2132 1620 2161 sanctum,
1631 2133 1659 2156 et
1678 2133 1782 2164 septem
1795 2127 1846 2162 spi-

1069 2175 1138 2202 ritus
1161 2179 1273 2209 vocatos
1288 2175 1461 2210 requiescere
1488 2183 1570 2210 super
1589 2183 1652 2203 eum
1681 2175 1845 2210 aspeximus,

1070 2221 1116 2249 sed
1131 2220 1222 2248 videre
1243 2220 1270 2247 in
1289 2221 1438 2249 secundum
1457 2221 1518 2256 ejus
1539 2221 1685 2248 adventum
1709 2224 1846 2256 exspecta-

1068 2274 1140 2293 mus.
1157 2265 1202 2294 Sic
1213 2266 1304 2302 itaque
1320 2273 1347 2295 et
1360 2267 1394 2294 de
1408 2267 1510 2302 Spiritu
1525 2271 1619 2294 sancto
1635 2267 1777 2294 audientes
1785 2273 1846 2293 ροη-

1068 2311 1220 2340 sidctamus
1235 2321 1241 2339 :
1259 2313 1317 2347 ipse
1333 2313 1406 2342 enim
1421 2312 1506 2340 Filius
1523 2317 1565 2340 est
1578 2312 1636 2345 Dei,
1649 2313 1695 2347 qui
1710 2312 1800 2340 dixit:
1814 2310 1846 2338 Et

1066 2364 1125 2382 cum
1144 2357 1239 2384 reneri!
1253 2357 1417 2390 Paracletus,
1427 2363 1517 2393 arguet
1530 2358 1597 2384 hunc
1609 2358 1735 2384 mundum
1751 2359 1783 2386 de
1795 2365 1844 2392 pec

1067 2407 1139 2435 cato,
1152 2407 1177 2429 et
1196 2402 1227 2429 de
1243 2403 1359 2437 justitia,
1382 2409 1406 2430 et
1427 2403 1458 2430 de
1470 2404 1574 2438 judicio
1598 2403 1631 2430 ⁵⁸.
1658 2403 1752 2439 Neque
1779 2404 1845 2432 enim

1068 2448 1127 2474 sine
1144 2447 1245 2483 Spiritu
1262 2454 1356 2476 sancto
1370 2449 1501 2484 Dominus
1517 2449 1640 2477 adveniet
1654 2450 1680 2476 in
1697 2457 1791 2482 carne,
1804 2448 1844 2477 sed

1067 2493 1237 2522 constituens
1251 2501 1313 2521 cum
1330 2494 1472 2522 divinitate
1495 2502 1544 2522 sua
1562 2502 1635 2527 eum,
1651 2496 1698 2530 qui
1714 2494 1835 2522 universi

1067 2541 1147 2565 tatem
1173 2538 1276 2574 implet.
1298 2547 1360 2566 cum
1382 2540 1418 2567 sit
1432 2540 1523 2567 unctio
1539 2547 1620 2574 super
1634 2547 1743 2567 carnem
1759 2547 1835 2567 suam

1067 2583 1112 2611 Sic
1130 2591 1196 2618 sane
1210 2589 1237 2612 et
1255 2584 1339 2612 David
1354 2585 1509 2613 audivimus
1529 2589 1694 2619 cantantem,
1707 2590 1737 2613 et
1756 2586 1841 2613 dicen-

1050 2672 1072 2688 "
1088 2672 1104 2709 ly
1113 2673 1175 2701 Cor.
1191 2683 1248 2709 vui,
1267 2676 1293 2703 6..
1331 2676 1354 2692 ⁸ο
1373 2675 1466 2703 Matth.
1487 2684 1504 2706 ι,
1524 2676 1566 2707 i8,
1591 2676 1635 2702 20.
1673 2675 1695 2691 ⁸⁷
1709 2674 1792 2707 Prav.
1808 2682 1834 2702 ts

1041 2715 1080 2740 ut,
1092 2708 1148 2736 6-8.
1182 2710 1221 2736 »ιι
1235 2708 1299 2742 Cor,
1310 2719 1368 2742 vm,
1384 2711 1410 2738 6.
1448 2711 1545 2745 "Eph.
1560 2718 1598 2744 vr,
1623 2710 1715 2738 12-17.
1755 2711 1778 2728 ’³
1793 2709 1833 2738 [sa

636 2739 658 2755 ⁹³
674 2739 743 2767 Psal.
763 2748 836 2773 xttx,
861 2741 905 2774 Ἣ,
943 2742 966 2756 ⁹⁶
979 2741 1057 2769 Joan.
1073 2739 1128 2777 tm,
1146 2745 1169 2778 7,
1183 2746 1208 2773 8.
1244 2747 1265 2762 ν’
1281 2739 1330 2774 hia.
1346 2739 1384 2778 xi,
1399 2747 1454 2782 1-4.
1475 2739 1643 2781 “.193”.le
1656 2767 1663 2779 ,
1678 2745 1702 2775 8.
