1939 3041
101 118 172 147 ιεοδ

592 117 636 144 DE
657 117 842 146 TRIMTATE
862 118 905 146 ET
926 118 1069 147 SPlRlTU’
1084 118 1224 147 SANC'N).

1653 119 1721 149 i206

101 182 158 204 tem
175 186 181 204 :
200 175 259 209 Quo
275 175 318 202 ibo
331 183 351 202 θ
362 174 464 211 Spiritu
480 179 534 207 tuo,
550 179 575 201 ct
594 183 645 209 quo
661 183 677 201 a
692 175 760 210 facie
784 180 830 202 tua
844 176 887 210 fu-
901 179 925 207 Α
940 183 1020 210 quam
1043 175 1215 203 Paracletum
1231 179 1382 202 creatorem
1397 183 1451 202 non
1476 175 1623 204 confitetur
1639 185 1722 215 esse,

100 225 175 259 giam
188 223 297 250 "‘I'Aut
323 230 376 249 non
394 227 523 257 tanquam
544 222 664 256 judicem
690 221 821 256 Spiritum
840 230 887 249 ex-

102 272 232 304 spectans
255 268 321 295 i'stas
346 267 446 294 emittit
471 266 674 301 professiones?
701 266 788 294 Omne
813 267 886 294 enim

102 322 174 350 opus
186 314 242 345 Dei,
253 318 280 341 et
288 313 400 345 Christi,
413 317 440 340 et
449 312 567 348 Spiritus
575 313 662 340 sancti
677 317 720 340 est
734 313 885 348 proprium.

102 361 159 386 Aut
177 366 229 386 non
246 358 401 386 audivimus
415 366 477 385 eum
495 358 522 384 in
538 365 599 385 χειν
624 358 729 392 psalmo
751 358 887 386 dicentem

102 405 138 432 de
154 404 208 430 Deo
223 413 230 430 :
248 402 334 430 Hodie
345 403 460 438 quidem,
473 404 495 430 si
506 411 590 430 vocem
605 404 662 438 ejus
675 404 823 437 audieritis,
841 412 888 430 na-

103 449 151 476 lite
175 449 305 476 obdurare
329 448 410 475 corda
436 454 531 482 vestra,
543 450 611 476 sicut
636 450 664 476 in
688 450 887 476 cxacerbatione

102 494 245 523 secundum
257 494 327 522 diem
339 494 491 521 tentationis
502 495 530 521 in
542 494 654 525 deserto,
668 495 712 521 ubi
724 499 887 522 tentaverunt

103 550 146 568 me
163 546 250 576 patres
274 540 353 567 vestri
368 549 377 573 ,-
392 540 425 568 de
446 547 475 567 se
491 548 556 567 vero
573 549 579 567 :
599 540 780 567 Probaveruut
803 548 844 567 me
863 546 888 567 et

102 589 223 615 viderunt
250 595 329 622 opera
354 595 412 613 mea
428 594 436 613 :
453 587 631 622 quadraginta
652 587 729 614 annis
750 587 887 620 proximus

103 633 144 668 fui
165 633 326 668 generationi
351 633 421 665 huic,
443 638 467 660 et
488 633 545 659 dici
559 641 669 667 semper,
694 638 783 660 errant
801 634 886 661 corde.

104 679 162 715 Ipsi
175 688 233 707 vero
245 688 294 706 non
314 684 488 715 cognoverunt
510 680 563 706 vias
580 687 661 711 meas,
677 680 744 706 sicut
755 680 845 714 jnravi
862 680 889 706 in

103 727 146 754 ira
159 735 228 759 mea,
245 727 269 754 si
284 727 430 754 introibant
447 727 474 753 in
488 728 601 762 requiem
619 735 703 753 meatu
718 727 748 753 ‘?

139 773 182 800 Η.
204 772 281 806 Quod
306 773 329 800 si
352 773 444 800 dicant
470 773 507 799 illi
535 773 680 800 Dominum
705 780 766 800 esse
788 777 814 800 et
835 781 887 800 non

103 818 247 854 Spiritum,
264 819 310 854 qui
338 818 588 854 dicitzProptcrea
615 819 678 846 odio
704 819 787 847 habui
811 820 884 846 illam

102 865 316 900 generationem,
341 869 367 892 et
395 871 457 892 ante
483 865 554 892 dicta
578 865 622 892 illa
647 865 760 893 omnia:
776 865 887 893 audiant
905 862 924 888 Β

102 911 218 939 Paulum
232 919 274 943 ea,
293 919 353 946 qum
367 911 394 938 in
408 919 469 938 xcw
485 911 590 946 psalmo
603 915 668 938 sunt
682 912 765 943 dicta,
782 913 815 939 ad
832 911 886 939 lle-

102 958 191 985 braeos
205 957 367 985 scribentem
383 966 391 984 :
408 956 496 990 Quare
510 958 577 984 sicut
593 957 709 992 Spiritus
724 963 831 985 sanctus
847 959 889 985 di-

103 1005 158 1031 cit:
174 1004 261 1031 Hodie
277 1004 299 1031 si
316 1012 402 1031 vocem
421 1004 477 1038 ejus
497 1004 648 1035 audieritis,
661 1004 742 1031 nolite
760 1005 888 1031 obdurare

103 1051 184 1077 corda
205 1056 290 1077 vestra
307 1051 334 1082 ³,
362 1055 414 1078 etc.
440 1049 554 1077 Veniant
578 1058 642 1078 vero
669 1050 701 1078 ad
727 1051 887 1086 prophetam

102 1097 214 1130 Isaiam,
229 1101 256 1124 et
280 1097 392 1124 audiant
415 1104 477 1124 eum
507 1096 641 1123 dicentem
660 1106 666 1124 :
685 1096 747 1123 Non
774 1097 886 1132 legatus,

103 1152 184 1179 neque
197 1143 316 1179 angelus,
333 1143 377 1170 sed
394 1143 450 1175 ipse
464 1143 578 1170 salvabit
599 1151 641 1169 eos
659 1143 778 1170 omnibus
797 1143 887 1170 diebus

104 1190 204 1217 steculi.
220 1189 276 1224 Ipsi
296 1198 355 1216 vero
371 1190 560 1216 contumaciter
573 1194 689 1223 egerunt,
708 1194 731 1215 et
747 1189 888 1216 exacerba-

103 1241 195 1262 vernnt
218 1234 348 1269 Spiritum
372 1240 503 1267 sanctum,
523 1239 548 1261 et
572 1243 710 1261 conversus
732 1239 770 1261 est
792 1235 829 1261 eis
853 1235 887 1260 ad

104 1281 274 1308 inimicitiam
290 1281 310 1307 ³.
337 1279 445 1308 Necnon
467 1281 549 1308 etiam
575 1279 710 1315 primitias
736 1285 886 1315 martyrum

104 1326 272 1360 Stephanum
301 1327 454 1354 auscultant
477 1327 661 1362 increpantem
686 1327 822 1362 principes
840 1326 888 1353 Ju—

104 1372 236 1404 d1eorum,
257 1374 291 1401 ob
306 1373 447 1405 beneficia,
469 1382 529 1409 quae
546 1374 662 1401 contulit
677 1373 748 1401 Deus
763 1373 888 1408 patribus

104 1426 199 1446 eorum
216 1419 243 1446 in
259 1419 366 1447 deserto
386 1428 432 1454 per
447 1427 534 1447 annos
549 1420 739 1455 quadraginta,
757 1423 784 1447 ct
797 1419 831 1446 ob
844 1427 887 1451 ea,

103 1465 328 1500 qumirrcligiose
349 1470 462 1501 egerunt
477 1465 548 1493 facto
570 1466 664 1498 vitulo,
686 1471 712 1493 et
725 1466 795 1493 idola
821 1466 887 1493 ado-

103 1517 205 1544 rantes,
220 1517 247 1539 ct
262 1518 372 1547 propter
391 1513 448 1540 haec
461 1513 564 1544 omnia,
583 1521 642 1545 qua:
665 1513 768 1540 nefarie
783 1513 887 1540 machi-
900 1533 921 1562 ο

105 1558 160 1584 Itali
176 1563 249 1589 sunt,
268 1563 295 1585 et
307 1559 439 1586 dicentem
459 1559 491 1586 ad
507 1566 553 1586 eos
570 1569 576 1586 :
598 1559 669 1586 Dura
686 1560 794 1592 cervice,
807 1564 831 1586 et
847 1560 888 1586 in-

104 1605 255 1631 rircumcisi
285 1605 361 1631 corde
389 1611 412 1632 et
435 1605 552 1637 auribus,
583 1614 626 1632 vos
648 1614 748 1640 semper
774 1606 888 1641 Spiritui

104 1653 195 1676 sancto
211 1649 370 1682 obnitimini,
386 1650 455 1676 sicut
475 1655 562 1685 patres
580 1652 668 1677 vestri.
684 1651 765 1684 Quem
777 1660 809 1678 ea:
824 1660 888 1689 pro-

103 1695 187 1729 phetis
206 1702 256 1720 non
279 1695 407 1729 persecuti
432 1700 493 1721 sunt
519 1700 605 1728 patres
629 1696 716 1728 vestri,
735 1699 759 1722 et
786 1696 888 1722 occide-

105 1745 165 1766 runt
175 1741 188 1766 ζ’
199 1741 398 1774 pronuntiantes
413 1741 444 1767 de
456 1741 568 1768 adventu
581 1741 663 1774 Justi,
676 1741 751 1776 cujus
768 1750 810 1768 vos
827 1749 889 1776 pro-

103 1787 201 1813 ditores
219 1791 242 1813 et
256 1787 434 1822 interfectores
451 1788 526 1821 estis,
541 1789 586 1822 qui
600 1788 736 1822 accepistis
751 1788 832 1822 legem
854 1788 888 1814 ad

104 1831 259 1866 angelorum
281 1834 494 1860 constitutionem
509 1834 531 1860 ⁵.
547 1833 615 1866 Quis
631 1834 712 1868 igitur
734 1841 788 1860 non
805 1834 888 1860 mira-

103 1878 179 1906 hitur
196 1877 312 1913 Spiritus
329 1880 416 1906 sancti
431 1879 611 1912 divinitatem,
627 1887 687 1906 eum
708 1880 771 1906 talia
786 1881 841 1907 sint
855 1881 889 1907 de

103 1931 137 1950 eo
151 1923 223 1951 dicta
232 1924 243 1950 ’ἒ
259 1923 325 1957 Quis
343 1932 397 1952 non
414 1925 587 1952 venerabitur
610 1925 777 1960 paracletum
800 1925 887 1960 Spiri-

103 1973 162 1995 tum
174 1969 307 2002 veritatis,
321 1977 383 1997 cum
400 1970 496 1997 viderit
509 1978 571 1997 eum
589 1978 703 2006 arguere
718 1971 791 1999 hunc
806 1979 887 1999 mun-

104 2014 169 2041 dum
189 2015 222 2042 de
235 2021 356 2050 peccato,
374 2021 400 2044 et
414 2017 447 2043 de
461 2017 579 2051 justitia,
593 2021 620 2044 et
633 2017 666 2044 de
681 2017 785 2052 judicio
802 2026 809 2049 ;
826 2025 888 2045 cum

104 2061 205 2088 viderit
220 2070 283 2089 eum
305 2063 482 2091 suscitantem
503 2069 628 2091 mortttos
654 2068 681 2091 et
697 2064 888 2098 vivificantem,

104 2111 131 2134 et
168 2107 311 2135 facientem
337 2109 409 2144 quod
446 2109 527 2137 Pater
555 2116 582 2137 et
620 2109 707 2137 Filius
740 2110 826 2138 facit?
860 2111 888 2138 Ιιι

103 2153 251 2189 Evangelio
293 2155 423 2189 scriptum
464 2159 506 2182 est
536 2164 542 2181 :
576 2153 651 2182 Sicut
698 2156 768 2182 enim
807 2155 890 2182 Pater

937 222 984 257 qui
995 222 1122 254 mittitur,
1136 227 1163 248 et
1177 225 1251 249 creat
1263 228 1377 256 corpora
1396 229 1411 248 a
1425 222 1525 248 saeculo
1535 222 1680 255 dissoluta,
1695 228 1724 252 et

937 275 1067 295 conversa
1082 267 1110 294 in
1123 267 1263 302 pulverem
1278 274 1370 298 suum,
1385 272 1412 294 et
1426 272 1539 295 renovat
1554 267 1652 295 faciem
1668 274 1723 297 ter-

937 313 990 341 rae?
1002 313 1150 341 secundum
1163 313 1225 345 hoc,
1235 312 1308 348 quod
1321 313 1346 340 in
1361 312 1430 341 Isaia
1446 314 1577 348 propheta
1591 315 1723 350 scriptum

937 364 999 386 est:
1019 359 1078 385 Erit
1097 364 1186 386 autem
1209 360 1301 386 ctelum
1323 368 1430 392 navum,
1458 364 1482 387 et
1502 365 1573 387 terra
1599 369 1667 388 nova
1687 361 1698 377 '
1715 370 1723 389 :

939 405 996 432 sine
1009 413 1062 440 quo
1078 405 1145 431 nihil
1167 412 1255 440 neque
1274 404 1371 439 Pater,
1389 413 1477 441 neque
1496 405 1583 434 Filius
1596 411 1724 441 operatur

939 451 965 477 in
982 451 1160 480 creationem.
1181 450 1252 477 sicut
1271 455 1333 477 ante
1350 451 1566 480 monstravimus
1588 452 1631 480 his
1652 453 1724 480 scri-

938 496 1035 531 pturis.
1051 496 1084 522 Et
1100 496 1197 523 iterum
1213 495 1312 524 Paulus
1326 496 1359 523 ad
1377 496 1516 525 Romanos
1531 498 1647 526 scribit:
1664 498 1723 525 Ha-

939 542 984 569 beo
998 550 1058 577 ergo
1074 542 1259 576 conﬁdentiam
1272 543 1300 568 in
1316 542 1419 570 Christo
1439 543 1473 569 ad
1489 543 1649 576 Dominum,
1672 553 1724 571 non

939 593 1026 616 autem
1039 589 1123 616 audeo
1138 589 1170 615 tle
1181 588 1300 615 omnibus
1314 588 1395 623 loqui,
1406 592 1536 624 quodnon
1549 596 1588 617 est
1601 596 1723 626 operatus

938 643 983 669 per
1001 643 1040 662 me
1055 635 1175 663 Christus
1200 635 1235 662 ad
1257 635 1453 662 obauditionem
1469 636 1584 671 gentium
1602 636 1677 663 verba
1696 641 1722 664 et

940 682 1021 717 facto,
1038 687 1115 717 atque
1130 682 1157 708 in
1174 682 1283 709 veritate
1298 682 1433 718 signarunt
1453 687 1478 709 et
1497 684 1679 718 prodigiorum
1695 683 1723 711 iu

939 729 1033 755 virtute
1047 729 1163 763 Spiritus
1178 729 1262 755 sancti
1279 729 1290 744 ’
1306 738 1312 755 :
1329 728 1398 756 duce
1414 727 1516 764 Spiritu
1534 732 1630 756 sancto
1644 729 1725 756 Chri-

940 779 1011 803 stum
1023 775 1100 809 signa
1113 780 1139 801 et
1154 774 1276 809 prodigia
1299 774 1406 802 fecisse.
1427 775 1466 801 Ad
1486 774 1620 809 Ephesios
1636 783 1723 802 vero:

942 821 1029 855 Hujus
1042 821 1078 847 rei
1093 820 1181 855 gratia
1196 821 1273 855 ﬂecto
1287 828 1370 855 genua
1381 828 1438 847 mea
1450 820 1484 847 ad
1501 820 1617 853 Patrem,
1632 828 1664 847 ea:
1673 829 1724 855 quo

939 867 1022 894 omnis
1035 866 1181 902 paternitas
1199 866 1225 892 in
1240 867 1302 893 caelo
1312 873 1336 892 et
1348 867 1375 893 in
1386 871 1456 893 terra
1468 867 1631 899 nominatur,
1644 872 1671 893 ut
1682 867 1724 894 det

938 914 1008 941 vobis
1025 914 1168 941 secundum
1181 913 1343 947 opulentiam
1356 912 1447 947 gloritv
1464 921 1520 940 sua:
1535 913 1656 940 uirtutem
1667 921 1726 940 cor-

939 961 1058 988 roborari
1071 969 1116 995 per
1128 960 1258 995 Spiritum
1274 968 1352 988 suum
1367 960 1394 986 in
1409 961 1561 987 interiorem
1572 959 1704 986 hominem
1715 980 1724 992 ,

939 1007 1060 1034 habitare
1075 1006 1210 1034 Christum
1224 1014 1270 1040 per
1281 1006 1360 1040 [idem
1375 1006 1402 1032 in
1415 1005 1537 1032 cordibus
1552 1005 1644 1032 vestris
1657 1005 1689 1032 “’.

978 1053 1019 1081 l5.
1040 1053 1073 1080 Et
1088 1053 1145 1080 lucc
1159 1052 1268 1088 quidem
1286 1052 1319 1080 de
1335 1052 1415 1079 Patre
1427 1056 1454 1078 et
1468 1051 1538 1078 Filio
1550 1051 1651 1079 Paulus
1667 1051 1725 1078 sin-

938 1099 1069 1136 gulariter
1085 1099 1201 1132 scribit,
1225 1098 1296 1126 sicut
1316 1098 1349 1126 ad
1369 1097 1629 1125 Thessalonicenses
1650 1096 1724 1132 quod

939 1146 1096 1180 frequenter
1124 1144 1348 1177 memoravimus,
1374 1143 1431 1170 ait:
1458 1143 1520 1178 Ipse
1538 1151 1596 1170 vero
1610 1142 1681 1169 Deus
1699 1146 1724 1169 et

938 1190 1021 1217 Pater
1043 1183 1130 1218 noster
1153 1190 1300 1225 sanctiﬁcet
1322 1198 1366 1216 vos
1391 1189 1426 1215 ad
1450 1188 1595 1223 perfectum
1609 1187 1651 1215 ’λι
1667 1195 1723 1215 non

937 1237 1012 1269 dicit,
1026 1237 1197 1264 sanetiticent
1206 1244 1255 1264 vos
1269 1236 1420 1271 pluraliter,
1436 1236 1483 1263 sed
1502 1235 1653 1263 sanctiﬁcet
1666 1235 1724 1262 sin-

938 1284 1077 1319 gulaiiter.
1092 1283 1207 1315 Quando
1229 1288 1319 1310 autem
1340 1282 1372 1309 ad
1387 1281 1546 1310 Corinthios
1562 1282 1595 1309 de
1611 1281 1681 1309 Filio
1697 1285 1724 1309 et

939 1329 1041 1363 Spiritu
1057 1328 1123 1355 dicit
1141 1337 1148 1355 ε
1166 1327 1217 1354 Sed
1233 1327 1317 1354 abluti
1328 1327 1402 1357 estis,
1417 1328 1461 1354 sed
1479 1326 1723 1361 sanctiﬁcatiestia.

937 1374 982 1401 sed
1005 1374 1149 1408 justificati
1170 1374 1234 1400 estis
1250 1374 1277 1400 in
1298 1373 1402 1399 nomine
1423 1372 1531 1399 Domini
1551 1373 1635 1400 nostri
1658 1372 1723 1399 Iesu

938 1420 1048 1452 Christi,
1061 1425 1085 1446 et
1101 1420 1128 1446 in
1144 1419 1246 1454 Spiritu
1261 1419 1309 1446 Dei
1326 1419 1409 1446 nostri
1427 1420 1458 1445 ι’.
1471 1418 1505 1446 Et
1521 1419 1554 1446 de
1569 1418 1648 1445 Patre
1665 1418 1723 1453 qui-

937 1465 996 1492 dem
1007 1472 1034 1494 et
1044 1465 1077 1492 de
1092 1464 1194 1500 Spiritu
1210 1474 1216 1492 :
1238 1464 1364 1495 Nescitis,
1378 1464 1440 1498 quia
1451 1464 1574 1498 templum
1586 1463 1636 1490 Dei
1646 1463 1721 1494 estis.

938 1517 962 1539 et
979 1512 1096 1546 Spiritus
1114 1511 1160 1538 Dei
1175 1511 1277 1538 habitat
1289 1512 1316 1537 in
1328 1511 1398 1538 vobis
1409 1510 1456 1537 I’Si
1467 1511 1525 1545 quis
1541 1510 1665 1544 templum
1674 1509 1723 1537 Dei

939 1558 1084 1590 violaverit,
1099 1557 1231 1593 disperdet
1244 1557 1321 1584 illum
1341 1557 1409 1585 Deus
1423 1565 1432 1583 :
1448 1557 1511 1592 quia
1532 1556 1655 1591 templum
1673 1556 1722 1583 Dei

938 1609 1057 1632 sanctum
1073 1609 1122 1636 est,
1137 1604 1206 1639 quod
1222 1604 1284 1631 estis
1303 1612 1348 1631 vos
1363 1604 1394 1630 ¹³.
1416 1603 1468 1630 Sed
1481 1608 1508 1630 et
1523 1602 1608 1630 David
1621 1602 1655 1630 de
1668 1602 1722 1630 Pii--

940 1655 979 1679 tre
991 1656 1017 1678 et
1030 1650 1131 1686 Spiritu
1145 1650 1209 1678 dicit
1221 1659 1229 1677 ε
1240 1651 1296 1682 Quo
1308 1650 1351 1677 ibo
1363 1659 1379 1677 a
1391 1649 1494 1684 Spiritu
1509 1649 1574 1676 tuo?
1586 1653 1610 1676 et
1623 1657 1640 1675 a
1653 1649 1723 1684 facie

940 1702 985 1724 tua
1000 1705 1051 1732 quo
1068 1697 1191 1731 fugiant?
1207 1695 1236 1723 Si
1249 1696 1389 1723 ascendere
1401 1696 1428 1722 in
1442 1695 1535 1722 caelum
1548 1699 1575 1721 tu
1586 1694 1622 1722 ibi
1638 1702 1664 1721 es
1681 1694 1720 1722 *δε

939 1748 965 1771 et
982 1751 1034 1770 non
1057 1743 1134 1775 dixit,
1152 1750 1211 1776 vos,
1225 1743 1287 1770 licet
1300 1742 1333 1769 de
1352 1741 1452 1777 Spiritu
1472 1747 1498 1769 et
1516 1741 1596 1768 Patre
1611 1741 1721 1768 dixerit.

941 1789 991 1817 Ubi
1008 1795 1050 1817 est
1072 1789 1146 1817 enim
1172 1789 1259 1820 Deus,
1282 1789 1318 1817 ibi
1336 1794 1378 1817 est
1400 1793 1427 1816 et
1442 1788 1539 1821 Filius,
1556 1792 1582 1815 et
1602 1786 1725 1822 Spiritus.

938 1844 999 1864 esse
1013 1835 1176 1867 ostenditur,
1197 1840 1225 1862 et
1239 1836 1266 1862 in
1287 1835 1355 1862 Filio
1372 1838 1452 1869 atque
1467 1834 1495 1861 in
1508 1833 1613 1868 Spiritu
1627 1838 1726 1861 sancto

942 1881 1013 1910 Deus
1023 1882 1161 1909 aduratur.
1178 1881 1244 1909 Nam
1262 1889 1323 1909 cum
1338 1881 1435 1909 mulier
1450 1879 1620 1907 Samaritana
1632 1879 1723 1908 adhuc

941 1928 1086 1956 carnaliter
1098 1928 1232 1963 cogitaret
1249 1928 1283 1955 de
1299 1927 1361 1960 Deo,
1378 1931 1404 1954 et
1423 1926 1602 1954 arbitraretur
1614 1926 1642 1953 in
1658 1926 1722 1953 loco

939 1974 1023 2001 Deum
1046 1974 1166 2006 adorari.
1183 1982 1214 2002 ac
1233 1974 1354 2001 diceret:
1375 1973 1498 2005 Domine,
1521 1973 1721 2005 animadverto,

938 2020 1000 2054 quia
1014 2018 1144 2054 Propheta
1161 2028 1188 2046 es
1203 2024 1248 2046 tu:
1260 2024 1347 2053 patres
1360 2019 1443 2045 nostri
1451 2019 1478 2045 in
1488 2023 1574 2045 monte
1591 2019 1641 2044 isto
1656 2017 1721 2044 ado-

939 2071 1073 2096 raverunt,
1091 2069 1116 2092 et
1136 2073 1180 2092 vos
1202 2065 1308 2097 dicitis,
1326 2065 1452 2100 quoniam
1474 2063 1666 2099 Hierosolymis
1683 2068 1720 2090 est

939 2110 1024 2142 locus,
1043 2111 1070 2137 in
1089 2119 1140 2145 quo
1165 2110 1275 2137 adorari
1298 2114 1399 2145 oportet
1424 2110 1456 2136 ¹⁸.
1483 2109 1614 2137 Dominus
1630 2115 1720 2135 autem

940 2156 1087 2183 escludens
1102 2156 1129 2183 in
1144 2156 1204 2183 loco
1217 2156 1324 2183 adorari
1340 2163 1414 2188 eum,
1427 2154 1510 2182 dixit:
1527 2153 1636 2186 Mulier,
1647 2153 1722 2179 crea’e

104 2199 216 2226 suscitat
244 2204 361 2227 mortuos
389 2204 414 2227 et
437 2200 567 2234 vivi/icui,
596 2206 620 2228 et
640 2201 679 2227 sic
705 2200 801 2232 Filius,
823 2209 887 2236 quos
903 2205 926 2232 υ
940 2202 1015 2233 mihi,
1038 2202 1100 2236 quia
1119 2203 1201 2229 veniet
1219 2202 1293 2234 hora,
1320 2201 1425 2236 quando
1445 2209 1490 2227 nec
1513 2200 1541 2226 in
1559 2199 1611 2226 isto
1636 2203 1722 2225 monte

103 2245 170 2278 vult,
194 2247 307 2282 vivificat
322 2247 343 2274 ⁸.
359 2247 398 2274 Ad
421 2247 559 2275 Romanos
576 2248 643 2275 dicit
663 2247 766 2275 Paulus
781 2257 788 2275 :
809 2247 890 2283 779

104 2292 135 2319 Si
156 2292 272 2328 Spiritus
291 2293 348 2328 ejus
370 2294 415 2329 qui
438 2295 576 2321 suscitavit
600 2295 691 2322 Jesum
713 2294 847 2322 Christum
873 2303 889 2321 a

102 2339 230 2371 mortuis,
251 2339 355 2366 habitat
374 2340 401 2366 in
423 2340 517 2366 vobis:
540 2340 585 2375 qui
607 2340 746 2367 suscitavit
763 2339 854 2367 Iesum
872 2348 888 2366 α

102 2384 214 2411 mortuis
226 2385 367 2419 viviﬁcabit
380 2389 404 2412 et
417 2385 543 2412 mortalia
555 2393 665 2420 corpora
680 2390 776 2418 vestra,
788 2394 834 2420 per
848 2386 889 2412 in-

102 2430 265 2457 hubitantem
285 2431 415 2465 Spiritum
439 2440 516 2458 suum
541 2432 568 2458 in
587 2432 656 2458 vobis
684 2432 704 2458 ⁸.
732 2431 765 2458 Ει
790 2432 816 2458 in
838 2440 885 2459 cut

101 2476 209 2510 psalmo
226 2485 231 2502 :
249 2476 358 2511 Auferes
372 2477 495 2511 spiritum
515 2485 616 2508 eorum,
630 2481 655 2503 et
669 2477 801 2510 deﬁcient,
821 2481 845 2503 et
858 2477 886 2502 in

102 2521 232 2556 pulverem
243 2531 318 2549 suum
329 2527 520 2549 convertentur.
534 2522 645 2549 Emittes
658 2522 787 2556 Spiritum
801 2528 885 2556 tuum,

101 2572 127 2593 et
145 2568 314 2600 creabantur,
330 2573 354 2595 et
377 2569 510 2595 renovabis
523 2568 617 2603 facient
635 2573 711 2595 terrm
725 2569 746 2595 ⁷.
764 2568 797 2595 Et
811 2569 886 2603 quis-

136 2651 160 2667 ”
177 2650 247 2678 Psal.
262 2660 390 2681 csxxvm.
403 2652 431 2678 'l.
470 2653 477 2667 ¹
500 2651 571 2678 Psal.
590 2658 662 2682 χειν,
679 2650 705 2681 8,
720 2650 763 2677 ll.

101 2687 112 2703 '
127 2685 206 2713 Joan.
225 2695 250 2717 ν,
265 2687 308 2713 2|.
364 2688 374 2702 θ
388 2687 465 2714 Rom.
482 2694 528 2713 \‘lll
541 2707 548 2715 .
572 2687 614 2714 il.

101 2730 143 2754 lu,
159 2721 201 2751 M,
220 2721 263 2749 l7.
301 2723 321 2738 ¹¹
337 2723 344 2748 1
360 2722 456 2749 Thess.
471 2729 496 2753 ν,
512 2722 605 2748 23-27.
644 2721 664 2736 ”
677 2721 682 2746 l
695 2721 756 2747 Cur.
772 2729 810 2752 vt,
827 2721 867 2748 ll.

101 2765 139 2789 tv,
159 2757 201 2789 i9,
215 2757 259 2784 20.
299 2758 320 2773 ¹⁶
332 2758 396 2785 il-id.
408 2757 503 2790 "2|,‘25.
541 2757 560 2772 "
573 2756 649 2784 Joan.
663 2764 721 2788 xtv,
731 2756 757 2782 ti.

679 2650 705 2681 8,
720 2650 763 2677 ll.
816 2651 826 2666 ²
842 2650 923 2678 Hebr.
937 2659 977 2682 ιιι,
995 2651 1021 2682 7,
1038 2651 1064 2677 8.
1116 2651 1126 2666 ³
1138 2651 1189 2678 lsa.
1207 2658 1285 2680 um.
1310 2651 1336 2682 9,
1353 2651 1396 2678 l0.
1448 2651 1459 2666 ‘
1476 2651 1536 2678 Act.

665 2686 675 2700 ⁷
695 2686 764 2713 Psal.
785 2693 847 2717 cui,
865 2686 914 2717 '29,
937 2686 981 2714 30.
1019 2686 1030 2702 ⁸
1050 2685 1102 2713 lsa.
1122 2694 1183 2714 LXV.
1203 2686 1245 2713 l7.
1261 2685 1359 2713 ’Rom.
1372 2694 1417 2717 xv,
1439 2685 1541 2717 17,19.

908 2722 928 2737 ¹³
938 2721 946 2748 Ι
958 2722 1020 2749 Cor.
1042 2730 1081 2754 ιιι,
1101 2721 1197 2754 16,17.

940 2245 1046 2282 [loco],
1067 2255 1147 2282 neque
1171 2247 1199 2274 in
1217 2247 1408 2282 Hierosolymis
1429 2246 1575 2273 adorabitis
1589 2245 1698 2272 Patrem
1712 2252 1722 2272 ξ

938 2292 982 2318 sed
1000 2292 1082 2318 veniet
1100 2292 1183 2324 hora,
1200 2292 1305 2326 quando
1320 2293 1374 2319 veri
1393 2292 1546 2318 adoratores
1573 2290 1722 2318 adorabunt

938 2337 1045 2364 Patrem
1060 2338 1088 2363 in
1101 2337 1203 2372 Spiritu
1214 2343 1238 2365 et
1257 2339 1384 2365 veritate:
1398 2338 1479 2364 Pater
1490 2338 1558 2364 enim
1569 2337 1635 2364 tales
1650 2344 1722 2372 quar-

938 2383 972 2409 rit
990 2383 1145 2410 adoratores
1157 2392 1166 2410 :
1186 2384 1270 2412 Deum
1290 2385 1317 2412 in
1334 2385 1438 2419 Spiritu
1453 2389 1477 2410 et
1497 2384 1607 2410 veritate
1621 2388 1720 2418 oportet

939 2428 1051 2455 adorare
1065 2429 1096 2456 ιθ.
1112 2429 1189 2463 Quod
1207 2430 1230 2457 si
1253 2430 1280 2456 in
1295 2430 1396 2464 Spiritu
1410 2434 1436 2456 et
1447 2429 1560 2456 veritate
1573 2428 1641 2462 (26),
1657 2436 1722 2464 ergo

940 2474 967 2501 iu
985 2474 1054 2501 Filio
1066 2474 1138 2502 Deus
1154 2475 1282 2502 adoratur
1297 2484 1303 2502 :
1321 2483 1385 2502 nam
1401 2475 1503 2502 veritas
1514 2478 1557 2502 cst
1569 2474 1665 2507 Filius,
1675 2474 1722 2509 qui

940 2520 1008 2547 dixit
1024 2530 1030 2546 :
1056 2520 1111 2556 Ego
1124 2529 1183 2547 sum
1202 2521 1254 2553 via,
1271 2525 1296 2547 ct
1312 2521 1419 2553 veritas,
1434 2526 1458 2547 et
1479 2521 1532 2547 vita
1544 2521 1576 2552 π,
1597 2526 1645 2547 cur
1667 2527 1722 2547 non

940 2574 1001 2593 cum
1018 2566 1097 2594 Patre
1107 2566 1225 2602 Spiritus
1241 2567 1394 2594 adorandus
1406 2571 1448 2594 est
1459 2575 1474 2593 ει
1488 2567 1587 2594 nobis?
1601 2565 1723 2600 Namque

1448 2651 1459 2666 ‘
1476 2651 1536 2678 Act.
1558 2658 1606 2682 vn,
1619 2650 1664 2680 5|.
1678 2650 1723 2678 5‘2.

1116 2651 1189 2678 'lsa.
1207 2658 1285 2680 um.
1310 2651 1336 2682 9,
1353 2651 1396 2678 l0.

1238 2721 1260 2736 "
1270 2721 1341 2749 Psal.
1352 2728 1481 2754 cxxxvm,
1501 2721 1516 2747 7
1526 2741 1534 2755 ,
1546 2721 1572 2749 8.

136 2835 193 2872 (26‘
214 2835 290 2871 Mss,
305 2837 375 2872 quod
391 2837 412 2864 si
427 2837 453 2864 in
469 2836 570 2872 Spiritu
590 2841 616 2865 et
631 2836 699 2865 Filio
715 2837 785 2866 Deus
798 2837 925 2866 adoratur
941 2841 967 2866 et
985 2836 1083 2866 veritas
1102 2841 1142 2866 cst
1156 2832 1251 2871 Filius,
1270 2837 1315 2873 qui
1336 2836 1412 2865 dicit.
