1939 3041
252 99 322 128 120⁵1

551 100 580 129 8.
596 100 779 130 ΑτιιΑΝΑδιι
797 102 873 132 ΟΡΡ.
895 103 994 131 PARS.
1016 103 1034 131 1.

1086 102 1288 132 -ΗΙΒΤΟΒΙΕΑ
1307 102 1351 130 ΕΤ
1371 101 1579 131 DOGMATICA.

1797 101 1857 131 ηοε

253 150 456 197 inaceeptabilis
471 165 524 194 est,
536 165 568 188 ut
581 162 750 196 corporalem
761 167 922 191 venerantes
939 163 1033 195 Deum,
1048 168 1071 192 Α
1084 163 1174 192 istum.
1191 167 1216 189 et
1230 163 1274 189 die
1284 163 1327 189 ei:
1341 162 1413 189 Λευ-ε
1425 161 1552 193 audietis,
1565 165 1589 188 et
1605 168 1656 187 non
1669 159 1825 196 intelligetis,
1836 166 1858 188 et

253 214 308 234 non
328 206 356 233 in
373 206 475 239 Spiritu
491 211 519 233 et
536 205 565 233 in
582 205 651 233 Filio
671 205 788 234 adorare
803 213 812 233 :
831 207 953 242 alioquin
968 207 992 235 si
1008 207 1035 234 in

253 251 356 286 Spiritu
372 251 466 278 adorat
485 250 570 279 Deum
589 251 754 280 coadoratur
775 251 904 288 Spiritus.
921 260 985 281 enm
1007 253 1035 280 in

252 298 362 325 Christo
372 297 484 326 audiant
498 297 646 333 gloriﬁcari
663 298 769 326 Patrem
781 299 808 326 in
822 298 954 332 Ecclesia,
970 300 1035 335 quid

252 350 283 370 se
294 350 356 371 esse
367 342 489 372 facturos
504 344 645 372 asserem?
660 344 760 372 Paulus
777 345 851 372 enim
864 345 987 372 scribens
1001 344 1035 372 ad

253 389 388 425 Ephesios
401 390 438 418 ait
454 398 461 418 :
478 389 512 417 Ei
521 390 568 425 qui
581 395 673 423 potetis
687 395 727 417 est
743 391 831 418 omnia
849 391 937 426 facere
949 390 1034 418 abun-

251 435 347 462 danter
356 443 436 470 quam
448 435 560 469 petimus
575 435 614 462 vel
631 436 759 470 sapimus,
772 436 824 471 ipsi
840 436 926 471 gloria
939 437 967 463 in
983 435 1035 463 Ec-

251 480 332 509 clesia
351 481 379 508 in
392 480 498 508 Christo
516 479 581 508 Iesu
598 481 627 508 in
645 490 734 509 omnes
750 483 929 517 generationes
944 482 1035 510 saeculi

251 525 421 558 siculorum,
435 534 511 552 amen
526 527 558 553 η.
573 525 607 554 Et
621 535 732 555 rursum
750 527 849 555 Paulus
863 527 929 554 dicit
945 537 952 554 :
965 527 1035 560 Quia

251 578 300 606 per
310 571 451 602 Christum
469 571 569 599 dicitur
587 571 674 599 Amen
694 572 767 600 Patri
789 573 822 599 ad
836 572 969 607 gloriam;
988 580 1036 607 per

251 625 303 645 nos
314 616 422 646 Patrem
437 625 485 652 per
498 617 599 645 Filium
617 618 675 651 Dei,
690 624 718 646 et
733 619 760 645 in
774 618 844 646 Filio
855 618 962 646 Patrem
978 619 1036 654 glo-

251 662 401 695 riﬁcantes,
412 670 463 690 nos
470 662 564 697 utique
571 663 806 698 conglorillcantes
818 663 896 690 Filio.
906 663 951 691 Sic
959 672 1036 693 nam-

251 715 306 743 que
321 707 406 736 Deum
421 708 565 736 adorantes
582 709 609 736 in
626 708 728 744 Spiritu
743 709 812 736 etin
828 709 916 742 Filio,
933 710 960 736 id
982 714 1034 742 est,

252 760 300 787 per
315 751 447 787 Spiritum
462 760 494 781 ac
511 761 559 788 per
571 753 669 781 Filium
682 754 838 787 adorantes,
854 755 1036 785 coadoramus

253 796 338 825 Deum
359 797 458 829 Filium
475 802 503 826 et
518 798 660 833 Spiritum.
675 799 798 835 Denique
811 799 914 828 Paulus
925 801 1033 828 scribit:

255 842 289 871 Ut
305 843 332 870 in
347 845 451 872 nomine
459 843 524 872 Jcsu
538 845 636 873 Christi
646 853 734 873 omnes
742 851 828 881 gentes
841 855 906 881 genu
916 847 1034 881 ﬂectant,
1052 836 1073 864 Β

251 893 276 917 et
291 890 375 917 omnis
395 890 487 926 lingua
510 891 683 925 confiteatur,
697 892 761 927 quia
773 891 901 933 Dominus
911 893 989 920 Jesus
1007 893 1035 921 in

253 935 340 970 g.oria
353 940 393 962 est
405 934 453 964 Dei
463 936 554 964 Patris
572 937 605 964 ".
619 935 696 970 Quod
712 937 790 971 si'hi,
806 938 854 973 qui
874 938 902 965 in
925 938 1036 966 nomine

252 979 317 1010 Jesu
330 981 431 1010 Christi
443 981 557 1010 ﬂectunt
571 991 670 1018 genua,
688 982 787 1011 Filium
805 984 958 1019 gloriﬁcant
973 993 1035 1012 cum

252 1024 343 1059 Patre,
359 1034 408 1054 cur
424 1027 462 1061 hi,
474 1027 521 1063 qui
537 1028 564 1055 in
581 1027 683 1063 Spiritu
697 1028 805 1058 Patrem
818 1034 845 1056 et
857 1029 956 1056 Filium
970 1030 1036 1058 ado-

252 1075 326 1106 rant,
344 1079 399 1100 non
424 1072 578 1101 adorabunt
593 1081 657 1101 eum
670 1081 733 1101 cum
753 1073 844 1108 Patre,
861 1079 888 1102 et
909 1074 993 1108 Filio,
1008 1079 1036 1102 et

252 1117 355 1152 Spiritu
363 1119 470 1146 sancto?
478 1117 506 1146 Si
515 1119 606 1154 itaque
614 1119 769 1147 audivimus
779 1119 871 1148 Mosen
884 1121 1017 1149 dicentem
1027 1131 1034 1149 :

250 1161 394 1191 Dominum
405 1162 488 1190 Deum
502 1168 575 1190 tuum
589 1164 725 1196 adorabis,
738 1170 763 1192 et
778 1165 818 1192 illi
832 1165 881 1192 soli
893 1167 986 1193 servies
1001 1167 1035 1201 ’°,

250 1208 354 1240 scimus
368 1209 539 1244 pronuntiari
556 1216 619 1238 cum
635 1210 692 1238 Deo
703 1210 802 1238 Filium
814 1217 841 1238 et
856 1210 999 1246 Spiritum.

288 1254 331 1282 16.
352 1254 386 1283 Et
400 1263 434 1283 ne
449 1260 580 1290 tanquam
602 1264 656 1284 non
673 1258 776 1293 scripta
795 1263 996 1291 memorantes,
1009 1263 1037 1286 et

251 1301 285 1329 de
308 1306 403 1329 nostro
420 1301 495 1336 loqui
523 1302 683 1337 videamur,
702 1303 916 1332 demonstranda
933 1310 976 1333 cst
996 1305 1036 1332 eis

254 1347 408 1376 caelestium
425 1348 558 1375 virtutum
579 1349 720 1382 adoratio,
744 1354 771 1377 et
791 1350 863 1378 sicut
886 1351 913 1377 in
935 1350 1036 1379 sanctis

252 1393 402 1428 Scripturis
410 1393 566 1428 didicimus,
580 1394 693 1423 forsitan
705 1395 744 1423 illi
756 1396 930 1424 aemulatores
937 1397 1035 1430 effecti,

251 1439 293 1467 sic
306 1444 334 1467 et
348 1440 471 1468 venerari
484 1441 592 1469 discant
603 1446 631 1469 et
646 1442 770 1469 adorare.
783 1441 869 1476 Quem
888 1443 976 1470 visum
988 1451 1036 1471 vo-

1085 207 1198 234 videntes
1211 207 1343 240 uidebitis,
1358 211 1383 234 et
1396 215 1449 233 non
1469 206 1614 240 aspicietis.
1634 205 1812 232 Incrassatum
1824 210 1858 233 est

1084 254 1154 280 enim
1173 260 1218 279 cor
1239 252 1329 287 populi
1343 252 1432 287 hujus,
1452 257 1477 279 et
1491 252 1600 279 auribus
1620 252 1674 278 suis
1689 252 1800 286 graviter
1816 260 1859 278 au-

1085 299 1201 331 dierunt,
1213 303 1238 325 et
1254 299 1344 326 oculos
1364 307 1426 326 suos
1444 298 1607 330 clauserunt,
1624 305 1656 324 ne
1679 297 1748 332 forte
1765 297 1858 324 videant

1085 345 1168 372 oculis
1184 345 1239 372 suis
1257 350 1282 372 et
1300 345 1428 376 credant,
1447 349 1472 371 et
1495 344 1604 373 auribus
1619 344 1741 376 audiant,
1753 348 1776 370 et
1791 343 1857 370 corde

1084 391 1243 426 intelligant,
1260 395 1286 418 et
1300 395 1496 422 conuertantur,
1508 394 1534 417 et
1551 398 1640 417 sonent
1654 389 1725 416 illos.
1741 389 1772 416 Et
1786 390 1857 418 dixi:

1088 435 1224 470 Usquequo
1246 435 1357 462 Domine
1375 436 1416 463 "1?
1438 435 1525 469 Quem
1545 436 1629 470 igitur
1648 435 1722 463 hunc
1740 443 1798 463 esse
1816 443 1856 462 vo-

1086 481 1146 509 lunt
1165 481 1280 508 aderant
1302 481 1376 515 (28):
1401 481 1493 508 dicent
1518 481 1592 508 enim
1615 480 1684 509 forte
1708 480 1813 508 Filium.
1833 479 1856 508 In

1085 526 1232 562 Evangelio
1248 526 1309 554 kata
1327 527 1384 562 (29)
1395 526 1528 554 Joannem
1541 527 1673 562 scriptum
1685 531 1747 554 est:
1764 526 1794 553 Et
1806 535 1857 561 pro-

1085 576 1173 606 pterea
1198 580 1250 598 non
1267 576 1389 606 poterant
1406 571 1511 598 credere
1531 572 1559 598 in
1580 570 1689 603 Iesum,
1718 571 1781 606 quia
1798 571 1858 598 dixit

1086 617 1175 647 Isaias
1189 619 1312 652 propheta
1324 625 1334 644 :
1354 617 1502 644 Exctecavit
1519 625 1611 644 eorum
1624 616 1727 648 oculos,
1749 622 1773 644 et
1793 617 1858 643 hebe-

1087 663 1150 689 tavit
1162 670 1252 688 eorum
1265 670 1320 694 cor,
1335 670 1366 688 ne
1380 662 1449 696 forte
1461 661 1566 689 videant
1581 662 1674 694 oculis,
1684 667 1710 689 et
1721 662 1857 696 intelligant

1085 707 1173 740 corde,
1187 712 1211 733 et
1224 711 1419 739 convertantur,
1441 711 1466 733 et
1490 715 1580 734 sanem
1605 707 1678 734 illos.
1702 706 1767 734 Ηωο
1789 707 1859 740 igitur

1085 753 1153 783 dixit
1171 752 1270 786 Isaias,
1292 761 1351 781 sunt
1369 753 1474 782 vidisset
1499 753 1612 788 gloriam
1628 753 1703 788 ejus,
1723 758 1748 780 et
1769 753 1858 781 locutus

1086 799 1166 826 estde
1183 807 1213 825 eo
1228 799 1262 825 ²².
1277 798 1311 826 Et
1325 799 1391 834 quid
1404 799 1505 826 facient
1520 799 1553 826 de
1570 797 1666 832 Paulo,
1682 799 1729 834 qui
1742 798 1857 833 Spiritum

1087 849 1211 872 sanctum
1228 845 1295 872 dicit
1307 845 1333 872 in
1346 845 1391 872 illa
1405 845 1491 880 gloria
1509 845 1590 881 780
1608 846 1697 873 visum
1711 853 1770 873 esse
1784 844 1857 875 Isaia.

1085 895 1113 918 et
1129 891 1247 918 locutum
1264 898 1324 918 esse
1340 891 1375 922 ei,
1393 899 1455 919 cum
1475 891 1595 918 misisset
1609 899 1672 919 eum
1686 891 1720 918 ad
1743 890 1856 926 populum

1085 943 1167 971 supra
1178 935 1249 964 dicta
1263 936 1373 964 dicere?
1385 937 1521 971 Scriptum
1534 941 1576 964 est
1585 937 1658 964 enim
1669 937 1711 965 sic
1723 937 1748 964 in
1760 936 1858 963 Actibut

1086 981 1290 1016 apostolorum:
1316 981 1502 1010 Conuenientes
1531 987 1619 1009 autem
1643 982 1680 1008 ad
1710 983 1852 1008 alterutrum

1085 1027 1175 1056 Judwi
1198 1028 1409 1062 dimittebantur,
1422 1028 1524 1055 dicente
1541 1028 1627 1055 Paulo
1646 1027 1751 1054 verbum
1763 1034 1853 1055 unum:

1087 1073 1158 1106 Quia
1176 1075 1237 1101 bene
1251 1073 1366 1108 Spiritus
1383 1079 1488 1101 sanctus
1502 1073 1606 1105 locutus
1617 1077 1656 1100 est
1671 1073 1707 1100 ad
1723 1078 1805 1107 patres
1820 1079 1855 1098 u-

1086 1125 1155 1148 stros
1166 1128 1212 1155 per
1224 1123 1377 1155 prophetarit
1388 1119 1499 1152 Isaiam,
1512 1120 1602 1147 dicens
1615 1128 1623 1146 :
1638 1118 1685 1147 Ito
1701 1119 1735 1146 ad
1747 1118 1855 1153 populum

1086 1166 1178 1199 istum,
1194 1171 1218 1192 et
1232 1166 1273 1192 die
1289 1165 1334 1192 ei:
1355 1167 1426 1194 Aure
1442 1166 1567 1198 audietis,
1586 1171 1611 1193 et
1628 1174 1682 1192 non
1700 1165 1852 1199 intelligetis,

1085 1216 1111 1238 et
1124 1211 1238 1238 videntes
1261 1211 1392 1243 uidebitis,
1407 1216 1432 1239 et
1450 1220 1502 1240 non
1521 1211 1666 1245 aspicietis.
1687 1210 1854 1238 Incrassatunt

1085 1262 1124 1287 est
1138 1257 1208 1283 enim
1225 1264 1270 1283 cor
1288 1256 1378 1291 populi
1392 1257 1481 1291 hujus,
1503 1262 1528 1284 et
1549 1257 1660 1284 auribus
1679 1257 1734 1284 suis
1755 1255 1854 1291 graviter

1086 1302 1237 1334 audierunt,
1249 1307 1274 1329 et
1287 1303 1377 1329 oculos
1391 1311 1452 1330 suos
1466 1303 1631 1335 clauserunt,
1644 1303 1753 1337 ’κίοι-ιε
1766 1302 1854 1329 rideant

1087 1349 1181 1382 oculis,
1207 1353 1231 1376 et
1253 1349 1362 1376 auribus
1386 1349 1508 1381 audiunt,
1528 1354 1552 1377 et
1572 1350 1651 1376 corde
1672 1349 1854 1383 intelligant,“

1086 1399 1283 1426 convertantur,
1293 1399 1318 1421 et
1331 1402 1420 1422 sanem
1433 1394 1494 1422 illos
1507 1394 1539 1421 “.
1550 1393 1619 1422 Ecce
1634 1394 1752 1422 Joannes
1761 1392 1854 1428 quidem

1086 1439 1198 1473 Filium,
1210 1439 1312 1467 Paulus
1331 1447 1396 1468 vero
1416 1440 1547 1475 Spiritum
1566 1444 1693 1468 sanctum
1709 1446 1767 1467 esse
1783 1437 1854 1468 dicit.

251 1486 311 1514 lunt
322 1485 398 1514 lsaiae
414 1486 441 1514 in
458 1487 561 1522 templo
578 1487 700 1520 laudare,
715 1494 743 1516 et
757 1489 882 1521 adorare,
897 1493 925 1516 et
939 1489 1037 1517 clariﬁ-
1051 1503 1074 1534 ο
1088 1487 1136 1521 qui
1147 1486 1182 1514 sit
1197 1486 1273 1515 visus
1286 1485 1373 1520 Isaiae,
1388 1486 1485 1514 sedens
1501 1494 1582 1521 super
1596 1485 1819 1516 lhronumallum.
1831 1487 1853 1510 οι

251 1539 325 1565 care,
334 1532 471 1568 seraphim
481 1541 490 1569 ί
508 1532 652 1560 Patremne
658 1541 693 1561 an
701 1533 800 1561 Filium
808 1535 819 1561 ?
827 1534 897 1562 forte
903 1535 977 1562 enim
990 1543 1039 1563 au-

252 1585 295 1606 res
303 1578 455 1610 obstruent.
466 1579 490 1607 si
498 1579 620 1613 audiant,
629 1587 663 1607 an
673 1579 805 1615 Spiritum
813 1581 1039 1610 sanctum‘tlsaias

251 1623 326 1651 enim
340 1623 408 1651 dicit
421 1623 478 1659 (‘27)
490 1632 496 1651 :
512 1623 547 1650 Et
560 1618 661 1659 factum
675 1631 713 1652 est
728 1633 798 1652 anno
809 1634 860 1661 quo
871 1632 990 1654 mortuus
999 1632 1038 1655 est

254 1668 335 1696 Ozias
357 1677 414 1702 rex,
438 1670 492 1697 vidi
511 1670 654 1697 Dominum
674 1671 792 1698 Sabaoth
811 1673 942 1700 sedentem
962 1681 1039 1708 super

252 1714 376 1741 thronum
389 1714 473 1742 altum
483 1721 508 1742 et
522 1716 661 1748 eleuatum,
673 1721 698 1743 et
711 1718 789 1752 plena
795 1718 888 1746 domus
903 1721 1039 1753 maiestate

251 1760 320 1794 ejus,
332 1765 358 1788 et
371 1761 504 1796 serapltim
527 1762 633 1789 stabant
650 1763 678 1790 in
692 1763 805 1791 circuitu
825 1765 899 1800 ejus,
924 1773 970 1793 sex
987 1766 1038 1794 ala:

251 1806 308 1832 uni.
324 1810 349 1832 et
361 1814 407 1834 sex
423 1806 474 1834 alte
488 1806 577 1839 alteri,
590 1812 615 1834 et
631 1807 733 1835 duabus
748 1808 854 1843 quidem
870 1810 990 1838 uelabant
999 1811 1039 1845 fa-

252 1851 329 1883 ciem,
344 1851 446 1878 duabus
462 1860 521 1879 vero
534 1853 623 1887 pedes,
638 1858 663 1880 et
674 1853 777 1881 duabus
794 1855 930 1889 volabant,
942 1861 967 1883 et
982 1856 1038 1884 cla-

251 1896 359 1925 mabant
371 1897 405 1924 ad
413 1898 581 1932 alterutrum,
595 1904 620 1926 et
629 1899 748 1927 dicebant
759 1908 768 1927 :
778 1899 902 1935 Sanctus,
918 1907 1036 1935 sanctus,

251 1947 358 1971 sanctus
380 1943 510 1971 Dominus
531 1944 602 1971 Deus
627 1945 761 1980 Sabaoth,
794 1947 872 1982 plena
893 1953 930 1975 est
953 1949 1036 1975 omnis

252 1993 324 2020 terra
342 1989 428 2024 gloria
445 1990 512 2024 ejus.
531 1990 565 2017 Et
578 1991 708 2019 eleuatum
722 1997 761 2020 est
773 1993 854 2020 limen
866 2002 899 2020 ex
915 2002 973 2020 uoce
982 1994 1038 2021 cla-

251 2035 362 2067 mantis,
379 2040 404 2063 et
421 2036 516 2063 domus
533 2037 643 2072 impleta
659 2043 697 2065 est
712 2039 795 2073 fumo,
812 2043 837 2066 et
850 2040 908 2066 dixi
921 2048 930 2066 :
948 2039 972 2067 0
989 2042 1038 2067 mi—

251 2089 294 2108 ser
311 2089 368 2116 ego,
386 2082 511 2117 quoniam
528 2088 699 2117 compunctus
725 2092 804 2111 sum:
825 2085 888 2120 quia
912 2093 972 2112 cum
987 2085 1037 2112 sim

251 2127 340 2160 homo,
355 2131 380 2155 et
396 2127 534 2154 immunda
553 2128 626 2155 labia
639 2129 761 2163 habeam,
775 2135 800 2157 et
818 2131 845 2157 in
861 2131 946 2158 media
969 2140 1036 2166 quo-

1088 1533 1235 1566 elevatum,
1253 1533 1301 1568 qui
1315 1533 1457 1566 adoratur,
1474 1537 1501 1561 et
1512 1533 1652 1566 laudatur,
1667 1537 1694 1560 et
1706 1531 1854 1568 gloriﬁcatur

1089 1586 1105 1606 a
1134 1579 1284 1614 seraphim.
1309 1578 1438 1607 Ecclesiae
1463 1584 1553 1607 autem
1585 1579 1689 1606 Christi
1717 1584 1803 1605 omnes
1823 1574 1851 1601 alt

1089 1624 1193 1652 oriente
1209 1632 1296 1660 usque
1307 1625 1340 1653 ad
1356 1625 1527 1653 occidentem
1552 1625 1744 1652 convenienter
1760 1623 1850 1649 Patrem

1088 1677 1104 1701 a
1114 1669 1250 1705 seraphim
1267 1669 1373 1698 laudari
1387 1670 1549 1705 proﬁtentur
1563 1669 1591 1696 in
1603 1669 1808 1697 ministeriorum
1817 1673 1851 1692 re-

1088 1719 1200 1746 latione.
1215 1718 1312 1746 Dicant
1331 1718 1422 1752 itaque
1434 1716 1524 1748 nobis,
1538 1716 1585 1751 qui
1598 1715 1793 1743 venerationem
1803 1711 1851 1746 Spi-

1088 1765 1152 1792 ritui
1165 1769 1260 1792 sancto
1275 1764 1421 1799 abnegant,
1436 1762 1564 1797 quisnam
1581 1769 1615 1788 ex
1629 1761 1675 1789 his
1690 1767 1776 1787 verum
1787 1756 1848 1788 dicit,

1087 1815 1135 1838 aut
1151 1811 1213 1846 quis
1235 1809 1322 1838 fallit?
1339 1809 1474 1837 Utrumne
1492 1807 1622 1838 Joannes,
1643 1815 1681 1834 an
1704 1803 1847 1834 Paulus‘lall

1088 1863 1152 1884 vero
1176 1863 1272 1883 omnes
1298 1853 1428 1882 Ecelesia:
1456 1853 1580 1880 Christi?
1609 1852 1741 1887 quoniam
1759 1848 1848 1885 quidem

1088 1909 1184 1930 omnes
1198 1900 1326 1928 Ecclesia:
1340 1899 1449 1933 Patrem
1469 1898 1630 1934 proﬁtentur
1649 1905 1721 1930 esse,
1743 1896 1784 1932 qui
1797 1893 1850 1921 ado-

1088 1954 1165 1975 ratur
1180 1954 1196 1973 a
1213 1946 1363 1981 seraphim,
1381 1944 1502 1972 Joannes
1524 1948 1616 1972 autem
1636 1943 1746 1975 Filium,
1768 1939 1849 1969 Paulus

1087 2000 1153 2020 vero
1169 1992 1303 2028 Spiritum
1324 1995 1460 2019 sanctum.
1479 1990 1508 2018 Si
1525 1998 1590 2017 vero
1610 1997 1692 2017 nemo
1706 1995 1792 2017 eorum
1806 1984 1849 2012 lal-

1088 2040 1129 2073 lit,
1142 2039 1189 2067 sed
1201 2047 1297 2066 omnes
1305 2038 1446 2066 veritatem
1457 2037 1562 2069 dicunt,
1574 2036 1718 2064 manifeste
1727 2034 1848 2070 probatum

1087 2090 1139 2119 est,
1153 2084 1226 2120 quod
1241 2089 1268 2112 et
1284 2084 1371 2112 solins
1387 2091 1485 2111 nomen
1504 2083 1594 2110 Patris
1608 2082 1725 2110 dicatur.
1748 2077 1849 2107 Habebat

1088 2137 1177 2160 tamen
1190 2131 1309 2164 Patrem,
1326 2135 1354 2159 et
1364 2130 1475 2162 Filium,
1492 2135 1520 2157 ct
1537 2129 1670 2165 Spiritum
1688 2131 1801 2156 sanctum
1815 2129 1849 2149 se-

250 2180 300 2207 que
311 2173 402 2207 populi
415 2173 552 2201 immunda
566 2175 639 2202 labia
655 2176 774 2203 [tabentis
787 2185 834 2212 ego
845 2177 969 2209 habitem,
983 2178 1034 2205 Re-
1051 2179 1073 2207 D
1087 2178 1206 2206 cundum
1225 2178 1426 2212 pronuntiatum
1439 2186 1446 2210 ;
1465 2176 1508 2204 vcl
1526 2176 1549 2203 si
1569 2175 1688 2210 Spiritus
1708 2168 1848 2200 habeatPiI-

250 2226 308 2253 gem
322 2218 463 2246 Dominum
478 2219 596 2248 Sabaoth
608 2229 655 2256 ego
670 2222 723 2249 vidi
739 2223 822 2250 oculis
834 2223 909 2250 meis.
927 2223 961 2250 Et
971 2225 1036 2251 mis—

250 2272 295 2297 sus
306 2269 345 2292 est
362 2265 397 2292 ad
414 2274 454 2293 me
468 2274 536 2294 unus
551 2267 583 2294 de
600 2268 743 2302 semp/tim,
758 2274 783 2296 et
795 2270 823 2295 in
835 2278 915 2296 manu
926 2270 1036 2297 habebat

251 2309 407 2344 carbonem,
431 2320 507 2342 quem
524 2312 623 2348 forcipe
643 2313 740 2341 tulerat
754 2313 787 2341 de
806 2314 898 2348 altari,
911 2320 935 2342 et
950 2316 1035 2350 tetigit

250 2364 280 2387 os
292 2364 377 2385 meum
389 2361 414 2384 et
428 2357 497 2384 dixit
512 2359 576 2385 mihi
589 2366 598 2385 :
615 2358 682 2386 Ecce
700 2360 785 2396 tetigit
800 2361 871 2388 istud
890 2361 963 2388 labia
977 2366 1033 2394 tua,

251 2407 276 2433 et
286 2403 323 2430 ait
335 2410 345 2429 :
358 2403 423 2430 Ecce
433 2404 521 2439 aufert
535 2405 687 2440 iniquitates
699 2410 769 2438 tuas,
779 2412 804 2433 et
811 2412 947 2441 peceatum
960 2413 1034 2434 tuum

251 2449 401 2478 mundabit.
424 2449 459 2478 Et
486 2459 534 2486 ego
556 2452 647 2479 audiui
670 2461 760 2480 uocem
772 2452 879 2480 Domini
903 2454 1034 2480 dicentis:

252 2492 335 2531 Quem
343 2496 446 2522 mittam
455 2501 480 2523 et
491 2497 548 2531 quis
562 2497 609 2524 ibit
625 2497 659 2523 ad
667 2498 791 2532 populum
802 2499 882 2524 istum
892 2500 905 2526 2
916 2498 950 2525 Et
960 2498 1033 2526 dixi:

252 2538 319 2568 Ecce
330 2549 387 2577 ego,
406 2542 480 2570 mitto
491 2550 542 2570 me.
555 2542 589 2569 Et
599 2543 667 2570 dixit
678 2543 743 2571 mihi
755 2552 764 2570 :
785 2543 856 2571 Vade
864 2544 898 2571 ad
909 2545 1034 2580 populum

1089 2228 1159 2252 trem
1173 2229 1201 2251 et
1213 2223 1311 2250 Filium
1323 2223 1347 2251 si
1357 2227 1522 2250 venerentur
1532 2221 1580 2257 qui
1596 2222 1637 2249 sic
1653 2221 1773 2250 adorant,
1784 2220 1849 2242 Velle‘

1087 2270 1221 2297 rationem
1239 2269 1393 2296 ccelestium
1405 2268 1586 2295 animantium
1602 2266 1749 2296 imitentur,
1762 2267 1787 2290 et
1805 2265 1848 2286 n0“

1086 2323 1152 2344 suas
1163 2316 1342 2351 cogitationes
1360 2319 1520 2350 sequantur.
1544 2313 1671 2349 Alioquin
1685 2310 1746 2347 quid
1765 2307 1847 2335 facienl

1086 2362 1228 2390 audientes
1260 2361 1427 2389 Salvatorem
1458 2361 1592 2389 dicentem
1633 2359 1667 2387 ad
1699 2354 1847 2389 discipulos:

1087 2407 1187 2435 Euntes
1206 2408 1294 2435 docete
1311 2416 1399 2434 omnes
1416 2411 1516 2442 gentes,
1535 2406 1700 2441 baptizanles
1715 2410 1755 2430 eos
1771 2400 1795 2426 in
1811 2403 1847 2423 κο·

1087 2455 1157 2481 mine
1179 2453 1282 2486 Patris,
1305 2459 1330 2480 et
1352 2453 1430 2485 Filii,
1454 2458 1479 2480 et
1503 2452 1620 2487 Spiritus
1644 2449 1727 2478 sancti
1747 2446 1785 2472 ³δῖ
1797 2448 1846 2471 cum

1088 2499 1227 2534 Scriptura
1235 2507 1288 2527 non
1297 2500 1468 2532 Trinitatem,
1481 2499 1527 2527 sed
1538 2499 1664 2526 unionem
1677 2495 1799 2530 baptisma
1812 2495 1847 2515 nu

1087 2546 1240 2574 minaverit.
1259 2545 1396 2581 Scriptum
1409 2550 1452 2575 est
1463 2546 1536 2574 enim
1550 2545 1590 2573 sic
1607 2545 1634 2572 in
1642 2539 1846 2574 Actibusaposlo'

289 2640 310 2657 "
318 2639 414 2678 Epljes.
424 2650 466 2676 In,
478 2642 560 2678 20,2!
569 2663 576 2670 .
617 2643 638 2658 "
647 2642 761 2678 Philipp.
773 2643 858 2677 ".10,
871 2643 912 2671 ll.
952 2644 974 2660 ¹⁰
985 2643 1034 2672 Det

1086 2644 1166 2677 71,15.
1205 2643 1434 2676 “lsa.vt,i,ll.
1471 2639 1731 2673 "Joan.xu,394l-
1767 2633 1845 2661 "54'"

250 2683 346 2709 sunt,
358 2677 393 2704 25
415 2677 460 2704 27.
500 2677 522 2694 ’⁸
537 2677 632 2705 Matth.
647 2677 742 2712 xxviii,
762 2678 805 2707 i9.

286 2768 343 2802 (27)
363 2767 424 2795 Haec
444 2768 507 2795 item
524 2768 672 2796 all‘cruntur
685 2776 777 2804 supra,
795 2768 863 2796 libro
878 2767 914 2796 De
925 2767 1027 2795 incum.

251 2811 342 2835 eontra
357 2804 482 2836 Ariunos,
498 2811 572 2833 nunt.
596 2804 638 2831 10.

1119 2765 1175 2799 ('28)
1192 2764 1224 2793 G.
1242 2764 1431 2801 R.,asseran1.

1125 2801 1181 2837 (‘29)
1200 2800 1245 2828 Sic
1256 2800 1334 2831 codd.
