1939 3041
125 114 195 144 1109

621 115 665 142 DE
685 114 874 143 TRINITATE
893 115 937 143 ET
957 113 1089 143 SPIRITU
1112 112 1254 142 SANCTO.

1671 111 1739 138 1210

124 179 225 209 lorum,
240 176 276 204 de
291 176 334 204 his
349 175 395 211 qui
406 176 433 202 in
450 174 574 204 Samaria
587 176 770 210 crediderunt,
782 182 809 205 et
823 177 903 212 bapti-

959 186 1068 214 nomine
1083 185 1157 213 enim
1175 183 1281 212 Domini
1299 183 1362 211 Jesu
1383 182 1485 210 Christi
1498 187 1525 210 et
1545 181 1661 217 Spiritus
1673 190 1739 210 san-

125 224 179 251 sati
199 228 264 254 sunt
279 230 294 250 a
309 222 443 257 Philippo,
459 227 561 249 tantum
573 223 701 256 baptizati
715 227 790 250 erant
813 223 841 250 in
860 231 907 250 no-

123 270 196 296 mine
211 268 316 294 Domini
331 266 394 294 .lcsu
405 266 505 294 Christi
516 267 549 293 “.

161 315 205 342 i7.
225 314 262 342 De
286 314 329 341 his
356 321 421 341 vero
444 313 492 347 qui
517 312 617 348 Ephesi
642 320 658 340 a
675 312 760 340 Paulo
779 312 906 347 baptizati

125 365 207 388 sunt:
222 359 249 386 Ii
262 368 321 387 cum
330 359 475 391 audissent,
490 359 615 393 baptizati
629 363 688 385 sunt
703 359 731 385 in
740 359 843 387 nomine
855 358 907 385 Dec

125 407 190 432 mini
209 405 273 433 Jesa
286 405 386 432 Christi
394 405 428 433 '°.
437 404 534 432 Petrus
545 404 617 432 enim
628 403 736 431 Judaeos
749 404 905 438 alloquens:

126 450 322 482 Paenitentiam,
348 449 451 484 inquit,
469 450 549 484 agite,
567 453 592 478 et
607 449 753 483 baptizetur
767 448 908 483 unusquis-

125 505 174 531 que
189 501 303 523 vestrum
319 496 348 525 in
363 497 466 523 nomine
480 495 546 523 Jesu
565 495 664 522 Christi
682 495 710 522 in
729 495 908 522 remissionem

125 546 292 575 peccatorum
306 545 460 569 vestrorum.
483 540 508 568 Ii
526 549 585 572 cum
598 541 733 568 audissent
752 545 777 570 et
790 548 908 575 compqu

126 587 231 614 bassent
245 595 376 614 sermones
391 587 460 622 ejus,
477 587 607 622 baptizati
621 591 691 620 sunt,
705 591 730 614 et
739 587 836 614 additae
846 593 908 615 sunt

129 633 157 662 in
167 633 210 660 die
224 632 272 660 illo
287 633 384 664 anima:
403 632 480 667 quasi
495 633 545 659 tria
556 632 643 659 millia
655 633 689 660 ".
700 632 827 667 Nunquid
838 639 907 667 praep

125 679 295 706 varicatores
310 678 430 706 mandati
444 677 594 706 Salvatoris
606 678 694 706 eil'ecti
709 677 793 708 sunt?
806 682 833 705 et
846 685 909 705 con-

126 729 168 755 tra
192 725 365 753 traditionem
392 725 542 752 Salvatoris
572 725 781 760 baptizaverunt
804 729 908 752 tantam

125 771 328 799 multitudinem
340 771 351 798 ?
365 771 424 798 Non
441 771 513 798 enim
526 772 656 806 scriptum
671 776 713 799 est
727 781 733 798 :
748 771 812 806 quia
825 771 909 806 bapti-

126 817 292 845 zaveruntin
305 818 416 845 nomine
427 817 514 846 Patris
526 822 553 844 et
564 817 637 849 Filii.
646 821 673 844 et
683 816 800 851 Spiritus
808 816 907 850 sancti,

125 864 173 893 sed
188 868 303 896 tantum,
317 863 345 890 in
357 864 461 891 nomine
476 864 583 891 Domini
592 864 656 891 Jesu
664 863 774 892 Christi.
787 863 840 892 Sed
851 871 906 892 non

125 914 190 937 sunt
201 911 367 945 praevaricati
381 920 388 937 :
400 909 489 938 absit!
505 909 572 937 Nam
585 910 648 938 licet
660 910 721 939 Filii
733 917 831 938 nomen
844 914 906 938 tan—

124 955 268 982 tummodo
277 955 394 988 dicatur,
414 955 494 982 habet
506 961 595 983 tamen
612 955 719 984 Patrem
733 959 761 983 et
775 955 906 990 Spiritum

125 1000 276 1027 secundum
303 999 417 1036 [secum,
443 999 524 1037 mss.]
552 1001 768 1035 pronuntiatum,
789 1001 860 1028 sicut
878 1001 907 1031 in

126 1045 276 1081 Scriptnris
292 1047 395 1075 sanctis
414 1047 602 1082 probabimus.
626 1047 720 1083 Itaque
740 1051 767 1074 et
789 1047 906 1082 Spiritus

123 1097 237 1119 sanctus
257 1091 389 1120 Dominus
408 1093 528 1120 Sabaoth
544 1093 655 1126 dicitur,
670 1098 697 1120 et
713 1097 757 1121 est
771 1101 834 1121 cum
850 1093 906 1121 Deo

123 1142 222 1166 etcum
234 1138 304 1166 Filio
313 1147 328 1166 a
341 1140 476 1175 seraphim
490 1140 629 1168 adoratus.
641 1139 755 1175 Propter
764 1140 838 1175 quod
849 1140 906 1168 haec

124 1190 165 1215 ter
179 1185 292 1212 dicunt:
318 1185 441 1218 Sanctus,
461 1186 587 1219 Sanctus,
600 1186 725 1218 Sanctus,
740 1190 771 1214 ut
786 1185 906 1214 Trinita-

124 1235 176 1258 tem
186 1232 402 1266 pronuntiarent.
416 1231 492 1260 Unde
507 1237 534 1260 et
544 1232 644 1260 Paulus
654 1232 800 1259 Dominum
813 1233 905 1260 vocari

123 1277 255 1312 Spiritum
275 1286 330 1305 non
345 1283 434 1314 negat,
450 1279 543 1307 dicens
559 1279 592 1306 ad
613 1278 769 1306 Corinthios
785 1287 791 1305 :
811 1279 904 1306 Domi-

122 1331 171 1351 nus
183 1332 242 1351 vero
256 1323 373 1359 Spiritus
386 1330 436 1357 est,
452 1329 477 1352 et
489 1325 534 1353 ubi
549 1325 664 1360 Spiritus
680 1325 796 1356 Domini,
815 1329 853 1352 est
866 1324 903 1353 ibi

122 1370 230 1398 libertas
243 1371 275 1399 ⁸⁸.
293 1370 326 1398 Ει
337 1372 371 1398 ad
390 1371 528 1399 Romanos
545 1372 583 1398 ait
600 1380 607 1399 :
622 1371 676 1398 Lex
688 1376 775 1398 autem
787 1370 903 1406 Spiritus

122 1417 184 1445 sine
200 1417 320 1445 liberavit
336 1425 376 1444 me
390 1426 406 1444 a
420 1418 474 1453 lege
488 1418 588 1452 peccati
609 1422 634 1445 et
651 1419 744 1444 mortis
763 1418 797 1445 ".
827 1418 902 1451 Quo-

121 1462 204 1489 modo
217 1469 282 1497 ergo
294 1461 354 1489 ausi
370 1462 437 1490 estis
449 1462 580 1498 Spiritum
602 1467 727 1489 sanctum
740 1470 847 1490 servum
865 1462 904 1490 di-

957 233 1004 265 cti,
1028 239 1103 267 quem
1124 231 1210 258 mittet
1223 230 1293 257 nobis
1309 229 1391 256 Pater
1405 229 1431 256 in
1443 229 1545 256 nomine
1556 237 1622 260 meo,
1638 229 1683 255 ille
1694 237 1738 256 vos

957 278 1058 304 docebit
1071 277 1104 305 “.
1118 276 1219 304 Tamen
1235 283 1333 303 nomen
1343 275 1442 307 Patris,
1455 281 1481 303 et
1493 275 1565 310 Filii,
1580 279 1607 302 et
1623 275 1739 310 Spiritus

958 325 1057 356 sancti,
1071 328 1099 352 et
1113 324 1140 351 in
1156 323 1265 359 propria
1284 322 1339 349 vita
1351 326 1378 350 et
1392 322 1544 349 substantia
1561 329 1737 357 permanens,

957 377 1020 398 cum
1036 371 1094 405 ipse
1116 370 1153 397 sit
1167 369 1232 396 vita.
1252 368 1360 403 Alioqui
1374 368 1439 403 quid
1462 367 1529 395 estis
1551 367 1666 400 facturi,
1690 374 1740 394 au-

959 416 1066 444 dientes
1084 416 1112 445 in
1125 416 1239 443 Cantico
1257 414 1428 442 canticon
1450 413 1624 441 Salomonem
1643 412 1738 440 dicen-

958 465 1012 489 tem
1028 471 1035 488 :
1054 460 1219 496 Unguentum
1236 461 1348 495 effusum
1372 467 1465 487 nomen
1490 463 1581 492 tuum,
1604 462 1739 493 propterea

958 507 1158 534 adolescentulre
1172 507 1320 534 dilexerunt
1334 510 1358 533 te
1366 506 1407 532 "‘l
1417 505 1502 533 Isaias
1512 511 1576 532 vero
1588 513 1595 531 :
1610 503 1646 530 Et
1660 504 1740 538 faciet

958 553 1087 580 Dominus
1101 552 1219 580 Sabaoth
1234 553 1363 588 gentibus,
1383 552 1411 578 in
1430 552 1480 578 ista
1503 554 1589 578 monte
1604 550 1690 577 bibent
1711 551 1740 576 in

937 595 941 598 ’
959 599 1065 632 ltetitia,
1075 603 1100 626 et
1113 599 1199 626 bibent
1223 599 1320 631 uinum,
1343 602 1474 633 unguento
1484 601 1622 632 augentur,
1634 595 1738 623 tradent

958 645 1013 673 haec
1027 645 1117 672 omnia
1140 644 1258 679 gentibus
1276 644 1309 672 “.
1330 642 1427 670 Nonne
1445 642 1575 678 Spiritum
1593 646 1737 674 sanctum,

958 700 1013 727 quo
1033 691 1108 719 uncti
1131 698 1248 722 sumus,
1269 693 1436 724 unguentum
1460 688 1566 716 vocavit
1586 688 1739 723 propheta?

958 738 1043 771 Quem
1057 741 1084 764 et
1099 736 1183 763 David
1200 736 1289 763 oleum
1301 734 1489 762 exsultationis
1511 734 1538 760 in
1561 741 1623 760 xuv
1634 734 1740 768 psalmo

958 784 1032 816 dicit,
1043 783 1070 810 in
1082 782 1289 810 conversatione
1302 781 1419 807 humana
1434 779 1582 807 Salvatoris
1596 789 1602 806 :
1617 779 1740 814 Propter-

959 837 989 856 ea
1020 829 1096 855 unxit
1112 832 1136 855 te
1151 827 1232 859 Deus,
1249 826 1318 853 Deus
1335 831 1406 859 tuus,
1419 825 1474 856 oleo
1491 824 1674 852 exsultationis
1685 832 1740 858 pro:

958 872 1123 901 consortibus
1141 872 1192 899 tuis
1208 872 1241 899 ".
1258 870 1336 904 Quod
1361 875 1388 898 et
1405 877 1548 905 assumens
1565 868 1663 897 Petrus
1677 869 1715 896 ait
1731 879 1737 896 :

957 919 1048 946 Iesum
1072 908 1216 950 Christum,
1233 918 1278 952 qui
1293 921 1331 944 est
1352 925 1369 944 a
1397 915 1543 948 Nazareth,
1566 916 1642 943 unxit
1669 916 1739 943 Deus

958 973 1018 992 eum
1035 965 1061 992 in
1081 963 1184 999 Spiritu
1198 967 1290 990 sancto
1304 966 1328 989 et
1345 962 1440 989 virtute
1461 961 1493 988 ³⁸.
1512 961 1628 996 Spiritus
1649 962 1740 996 itaque

960 1014 1072 1039 sanctus
1087 1017 1149 1037 cum
1166 1013 1194 1037 et
1208 1009 1309 1040 oleum,
1329 1012 1356 1035 et
1371 1012 1539 1042 unguentum
1562 1007 1674 1039 dicitur,
1690 1015 1739 1034 no-

957 1063 1018 1083 men
1030 1060 1072 1083 est
1093 1055 1139 1082 Dei
1153 1059 1180 1082 et
1199 1054 1271 1086 Filii,
1286 1054 1314 1080 in
1329 1053 1438 1088 propria
1455 1053 1511 1080 vita
1533 1056 1561 1080 et
1583 1051 1736 1080 substantia

955 1106 1117 1134 permanens
1129 1108 1137 1126 :
1149 1106 1210 1126 cum
1224 1098 1337 1133 sitipse,
1351 1102 1382 1125 ut
1394 1104 1477 1132 supra
1492 1097 1622 1131 diximus,
1642 1104 1739 1124 secun-

955 1147 1019 1175 dum
1038 1146 1214 1181 prophetam,
1233 1148 1394 1180 unguentum
1412 1144 1526 1178 ejfusum
1544 1151 1637 1170 nomen
1653 1148 1736 1170 tuum.

955 1192 1127 1220 Manifestum
1142 1195 1184 1219 est
1205 1196 1306 1224 autem,
1323 1190 1387 1226 quia
1408 1189 1540 1224 Spiritum
1559 1193 1683 1217 sanctum
1697 1189 1739 1216 ei-

955 1238 1025 1266 t‘udit
1045 1237 1175 1266 Dominus
1195 1236 1364 1264 abundanter
1381 1242 1464 1269 super
1482 1241 1540 1268 eos,
1556 1233 1602 1269 qui
1623 1241 1657 1261 ex
1673 1241 1738 1268 gen-

955 1285 1028 1312 tibus
1043 1283 1228 1315 crcdidcrunt,
1244 1282 1314 1310 sicut
1325 1281 1425 1308 Paulus
1439 1280 1535 1308 scribit
1550 1289 1557 1306 :
1578 1279 1612 1306 Et
1624 1287 1682 1306 cum
1693 1288 1739 1306 un-

955 1330 1067 1357 ctionem
1091 1333 1116 1356 et
1139 1327 1304 1363 signaculum
1322 1327 1462 1354 habeamus
1477 1334 1486 1358 ,'
1504 1331 1531 1353 et
1549 1334 1645 1354 rursus
1665 1326 1736 1354 idem

953 1375 1054 1403 Paulus
1071 1374 1240 1402 iu'secunda
1265 1373 1386 1408 Epistola
1397 1372 1430 1399 ad
1447 1371 1605 1399 Corinthios
1618 1372 1712 1400 scribit
1728 1381 1735 1399 :

955 1420 1007 1454 Qui
1021 1423 1109 1447 autem
1126 1419 1216 1454 ﬁrmat
1235 1425 1281 1444 nos
1295 1417 1426 1444 vobiscum
1446 1423 1474 1442 ιη
1484 1414 1604 1448 Christo,
1621 1420 1646 1443 et
1661 1417 1737 1444 unxit

953 1475 1000 1494 nos
1014 1466 1094 1498 Deus,
1113 1464 1158 1500 qui
1171 1468 1195 1491 et
1210 1464 1324 1499 signat-it
1343 1471 1406 1494 nos,
1427 1463 1472 1496 qui
1495 1467 1519 1489 et
1542 1462 1614 1489 dedit
1629 1462 1736 1488 arrham

121 1515 194 1539 cere,
218 1508 266 1542 qui
293 1511 444 1534 creaturam
471 1508 616 1535 liberavit?
638 1507 666 1534 Si
682 1508 772 1541 enim,
797 1507 901 1542 inquit,

954 1511 1084 1547 Spiritum
1096 1511 1124 1537 in
1135 1509 1256 1536 cordibus
1271 1508 1368 1535 nostris
1381 1507 1421 1541 ³³;
1436 1512 1463 1535 et
1474 1507 1572 1534 iterum
1593 1507 1627 1534 ad
1646 1506 1736 1541 Ephe-

121 1554 213 1581 omnia
231 1561 279 1589 per
292 1554 380 1589 ipsum
392 1553 464 1582 facta
476 1558 550 1586 sunt,
559 1554 693 1582 ostendite
707 1559 827 1582 creatum
840 1561 902 1582 esse

122 1599 256 1635 Spiritum
273 1605 407 1628 sanctum.
423 1600 522 1635 Utique
534 1601 617 1628 etiam
630 1600 668 1633 id,
685 1599 758 1635 quod
775 1600 803 1627 in
817 1607 901 1628 cxvnt

119 1646 226 1682 psalmo
250 1647 381 1682 scriptum
398 1651 450 1680 est,
463 1647 533 1679 Quia
559 1647 647 1674 omnia
670 1647 785 1674 serviunt
808 1646 855 1673 tibi
867 1646 900 1678 ³⁸,

120 1701 229 1721 servum
242 1701 302 1721 esse
322 1694 440 1721 ostendit
453 1693 581 1728 Spiritum
591 1697 726 1721 sanctum.
739 1692 794 1721 Sed
813 1700 902 1728 neque

120 1738 147 1766 id
165 1739 236 1774 quod
255 1739 354 1766 dicitur
370 1748 376 1766 :
392 1738 489 1766 Omnia
503 1747 551 1774 per
569 1738 668 1766 Filium
685 1739 754 1766 facta
771 1743 846 1772 sunt,
858 1746 902 1774 as-

119 1784 209 1820 signat
227 1785 357 1820 Spiritum
379 1785 592 1820 sanctumzipse
602 1785 675 1812 enim
691 1789 743 1816 est,
757 1785 805 1820 qui
816 1785 900 1817 dixit;

119 1837 208 1864 neque
231 1830 269 1863 id,
285 1830 357 1864 quod
385 1830 477 1857 omnia
496 1829 618 1857 serviunt
634 1829 693 1862 tibi,
716 1837 824 1857 servum
842 1837 902 1857 esse

119 1874 239 1902 ostendit
250 1882 323 1902 eum.
336 1874 464 1909 Alioquin
479 1878 506 1902 et
519 1873 621 1901 Paulus
640 1874 778 1908 quomodo
790 1874 901 1902 audien-

117 1921 170 1947 dus
186 1925 237 1952 est,
249 1920 363 1948 dicens:
380 1920 442 1948 Non
456 1920 526 1947 enim
542 1919 680 1954 accepistis
703 1919 825 1954 spiritum
847 1927 902 1946 ser-

117 1965 209 1995 vitutis
236 1966 333 1992 iterum
358 1965 386 1991 in
416 1965 518 1998 timore,
546 1963 591 1991 sed
614 1965 753 1999 accepistis
774 1963 901 1999 Spiritum

120 2012 271 2046 adoptionis
283 2012 412 2046 ﬁliorum,
429 2011 457 2038 in
472 2019 522 2046 quo
542 2011 701 2042 clamamus,
728 2010 814 2043 Abba,
845 2009 901 2036 Pa-

118 2063 157 2084 ter
172 2058 215 2084 ἐἳ
230 2057 322 2092 Itaque
340 2065 391 2084 nec
404 2065 499 2084 servus
515 2064 565 2085 nec
582 2057 685 2084 creatio
700 2056 818 2091 Spiritus
837 2063 901 2083 san-

116 2109 177 2132 ctus
188 2111 249 2131 esse
263 2104 424 2131 ostenditur.
438 2103 491 2130 Sed
509 2110 557 2130 vos
574 2107 600 2130 et
615 2110 735 2134 carnem,
749 2105 776 2129 et
792 2109 899 2129 servum

116 2158 178 2178 csse
192 2158 253 2177 eum
274 2149 429 2183 infamatis,
453 2149 500 2184 qui
522 2157 576 2176 non
594 2148 683 2177 solum
705 2155 759 2175 non
776 2148 811 2174 sit
821 2147 898 2180 liber,

953 1558 1009 1586 sios
1024 1556 1063 1583 ait
1078 1566 1083 1583 :
1105 1555 1139 1582 In
1160 1563 1211 1590 quo
1232 1554 1364 1581 credentes
1376 1553 1473 1588 signati
1484 1553 1547 1580 estis
1561 1551 1663 1587 Spiritu
1679 1561 1737 1587 pro-

952 1603 1084 1630 missionis
1094 1606 1195 1634 sancto,
1208 1601 1253 1635 qui
1263 1604 1300 1627 est
1312 1600 1393 1627 arrha
1407 1599 1570 1627 hwreditatis
1582 1605 1679 1626 nostra:
1693 1598 1734 1627 ⁸ος

952 1656 1050 1683 magna
1060 1655 1110 1675 nos
1124 1654 1220 1681 sapere
1233 1646 1320 1674 sancti
1335 1650 1487 1680 praeparant
1508 1645 1542 1672 dc.
1558 1644 1660 1680 Spiritu
1672 1652 1735 1672 san-

951 1700 1005 1722 cto.
1030 1693 1099 1721 Nam
1125 1692 1209 1720 David
1229 1691 1319 1719 dicit:
1341 1691 1468 1718 Dominus
1489 1699 1554 1724 pars
1568 1690 1734 1719 hereditatis

951 1749 1025 1772 mete,
1043 1744 1068 1767 et
1082 1739 1173 1765 colicis
1193 1738 1244 1764 mei
1261 1737 1293 1764 “.
1315 1736 1349 1764 Et
1372 1736 1460 1765 Moses
1477 1737 1572 1764 scribit
1588 1746 1594 1763 :
1610 1735 1671 1763 Non
1683 1736 1734 1763 erit

950 1787 1047 1821 portio,
1059 1793 1141 1820 neque
1149 1784 1291 1810 hereditas
1299 1782 1396 1810 Levitis
1408 1783 1436 1809 in
1448 1787 1528 1815 terra,
1540 1782 1667 1809 Dominus
1679 1782 1733 1815 ipse

950 1832 1036 1867 portio
1054 1839 1144 1858 eorum
1158 1834 1196 1857 est
1215 1829 1248 1856 δ’.
1263 1828 1297 1855 Ει
1319 1827 1452 1856 Jeremias
1465 1829 1578 1856 clamat:
1592 1828 1663 1860 Quia
1679 1827 1735 1862 [ομ

950 1878 1032 1904 mouit
1052 1876 1142 1903 omnia
1163 1876 1218 1910 ipse
1234 1874 1377 1902 hrereditas
1392 1874 1471 1908 hujus
1487 1873 1588 1908 Iacob,
1605 1873 1735 1902 Dominus,

951 1932 1045 1952 nomen
1057 1928 1095 1950 est
1109 1923 1133 1950 ei
1146 1922 1179 1949 ".

987 1969 1029 1996 18.
1054 1968 1088 1995 Ει
1108 1976 1170 1996 cum
1202 1968 1347 1996 Dominum
1367 1966 1554 1994 haereditatem
1576 1970 1734 1994 sanctorum

952 2013 1082 2049 Spiritum
1094 2017 1217 2041 sanctum
1236 2019 1296 2040 esse
1319 2011 1409 2039 dixit:
1430 2010 1462 2038 In
1473 2018 1536 2045 quo,
1556 2010 1657 2045 inquit,
1677 2018 1733 2037 cre-

949 2061 1038 2088 dentes
1053 2061 1152 2095 signati
1171 2051 1233 2086 estis
1249 2057 1351 2093 Spiritu
1367 2056 1548 2091 promissionis
1565 2060 1657 2082 sancto
1667 2074 1674 2086 ,
1688 2055 1734 2089 qui

949 2111 989 2134 est
1003 2108 1084 2134 arrha
1103 2105 1267 2133 hereditatis
1284 2107 1397 2136 nostrae,
1420 2102 1522 2129 docens
1539 2101 1692 2129 haereditari
1705 2105 1734 2128 et

950 2161 1005 2180 non
1017 2152 1176 2180 haereditare
1190 2150 1375 2187 professiones
1385 2154 1542 2176 sanctorum
1558 2148 1733 2175 consideran-

117 2197 163 2223 sed
178 2200 206 2224 et
224 2201 356 2224 creaturae
371 2195 522 2222 libertatem
545 2195 670 2229 largitur,
689 2194 760 2222 sicut
775 2193 899 2228 superius
914 2191 1002 2226 Dies,
1033 2198 1078 2225 Ait
1099 2198 1170 2225 enim
1196 2197 1282 2225 Isaias
1306 2196 1340 2223 ad
1367 2202 1415 2222 eos
1443 2194 1491 2230 qui
1522 2201 1577 2222 non
1603 2194 1734 2223 haberent

116 2242 303 2276 probavimus.
322 2240 354 2267 Et
371 2248 481 2268 rursum
498 2240 597 2268 Paulus
617 2240 713 2268 scribit
728 2249 735 2268 :
751 2239 898 2267 Divisiones

116 2288 204 2315 autem
223 2288 352 2314 donorum
371 2292 449 2320 sunt,
465 2286 534 2314 idem
549 2295 609 2314 vero
632 2286 759 2321 Spiritus,
779 2286 898 2312 dividens

115 2335 257 2368 unicuique
276 2334 345 2360 sicut
360 2333 415 2360 vult
431 2333 463 2360 ³¹.
479 2333 513 2360 Et
528 2333 608 2361 Jesus
629 2333 667 2360 ait
683 2342 690 2360 :
715 2332 834 2367 Spiritus
853 2332 898 2359 ubi

115 2380 169 2408 vult
188 2381 271 2414 spirat
295 2380 328 2408 ³³.
347 2380 400 2413 Qui
419 2384 510 2407 autem
536 2379 602 2406 facit
620 2379 693 2414 quod
714 2379 771 2406 vult
791 2387 844 2406 non
856 2382 899 2406 est

115 2434 219 2459 servus,
236 2426 282 2454 sed
298 2425 366 2453 liber
381 2430 433 2452 est.
454 2424 486 2452 Et
502 2425 609 2459 qualem
625 2430 738 2452 mortem
753 2425 897 2452 merebun-

115 2477 158 2499 tur
170 2472 217 2507 qui
232 2472 377 2499 Dominum
390 2471 510 2499 ccclestis
524 2471 627 2498 militiae
639 2478 746 2498 servum
758 2478 819 2498 esse
833 2479 898 2505 pro-

114 2518 249 2546 titentur?
274 2517 407 2545 Dominus
429 2518 503 2545 enim
527 2518 660 2545 virtutum
681 2517 875 2552 interpretatur
889 2538 897 2551 ,

116 2563 246 2591 Dominus
267 2562 398 2596 Sabaoth,
417 2568 445 2591 et
465 2571 520 2591 non
537 2563 632 2598 utique
647 2563 799 2591 libertatem
816 2563 898 2598 largi-

113 2615 188 2637 retur
204 2615 347 2644 creaturae,
368 2609 421 2637 nisi
445 2614 518 2637 esset
534 2609 680 2637 creationis
695 2608 827 2636 Dominus
846 2618 854 2636 :
869 2609 897 2636 in

151 2713 174 2730 "
195 2713 255 2740 Act.
270 2713 385 2745 vm,i6.
425 2713 516 2740 "Act.
526 2720 583 2745 xn‘,
597 2713 623 2740 5.
662 2713 684 2729 ³⁷
692 2713 751 2740 Act.
765 2721 795 2743 ll,
805 2713 897 2740 58-“.

115 2749 135 2766 ³¹
156 2748 234 2775 Boni.
250 2755 308 2781 vttt,
324 2748 366 2775 l5.
418 2748 440 2764 ³³
453 2747 463 2774 Ι
475 2748 538 2775 Cor.
551 2756 600 2779 χιι,
613 2749 640 2780 4,
658 2748 698 2776 Η.

115 2784 136 2801 ³³⁷
159 2783 230 2811 Psal.
247 2791 323 2815 xuv,
339 2783 365 2810 9.
422 2783 444 2799 ³⁸
464 2783 523 2810 Aet.
538 2791 565 2815 κ,
582 2783 627 2817 5⁵1,
644 2783 687 2811 58.

739 2748 848 2810 tua
1005 2749 1064 2812 "at

851 2792 893 2812 or.
939 2805 946 2815 ,
998 2805 1004 2816 ι
1059 2805 1064 2811 .

953 2244 1084 2280 Spiritum
1105 2249 1244 2275 sanetum,
1271 2247 1298 2270 et
1323 2247 1466 2277 propterea
1489 2241 1645 2276 ignorantes
1672 2248 1734 2268 esse

951 2289 1137 2318 hereditatem
1162 2289 1264 2316 sanctis
1286 2294 1347 2323 post
1366 2287 1449 2322 hujus
1467 2286 1558 2314 saeculi
1569 2286 1673 2314 exitum
1689 2286 1732 2313 ins

951 2340 1060 2363 struens
1077 2335 1219 2369 patienter,
1243 2338 1269 2361 et
1296 2334 1389 2361 dicens
1407 2342 1414 2360 :
1435 2333 1483 2360 Est
1496 2333 1635 2360 htereditas
1646 2333 1733 2360 colen.

951 2381 1019 2407 tibus
1031 2379 1124 2412 Deum,
1136 2386 1160 2406 et
1173 2387 1216 2406 vos
1230 2379 1305 2406 eritis
1315 2378 1394 2413 justi,
1407 2378 1470 2404 dicit
1482 2377 1609 2404 Dominus
1620 2376 1733 2409 :Quisiw

950 2426 1019 2459 titis,
1028 2426 1065 2453 ite
1076 2425 1109 2452 ad
1122 2434 1216 2458 aquam
1226 2425 1259 2452 “.
1267 2424 1398 2460 Spiritum
1406 2427 1529 2451 sanctum
1544 2430 1641 2458 aquam
1651 2423 1731 2465 78]ι

949 2471 1106 2507 appellans,
1124 2471 1196 2498 sicut
1217 2470 1390 2505 postmodum
1412 2468 1626 2496 monstrabimus
1642 2476 1649 2494 :
1668 2477 1731 2499 cum

949 2518 986 2546 sit
1007 2519 1088 2546 arrha
1109 2522 1265 2546 sanctorum
1287 2517 1453 2545 hereditatis
1476 2526 1482 2544 :
1504 2517 1577 2544 hunc
1599 2515 1730 2550 Spiritum

950 2570 1073 2591 sanctum
1087 2568 1114 2591 ct
1133 2563 1217 2590 David
1233 2563 1405 2598 signaculum
1422 2562 1587 2590 hereditatis
1603 2569 1664 2589 cum
1680 2561 1729 2588 ha-

950 2610 1063 2638 buisset.
1079 2609 1131 2638 Sed
1146 2610 1197 2638 hos
1211 2610 1320 2645 quidem
1343 2609 1390 2644 qui
1412 2617 1466 2636 non
1488 2608 1603 2636 credunt
1617 2607 1729 2635 haredi-

938 2713 961 2731 ³³
976 2712 998 2740 ll
1010 2714 1073 2741 Cor.
1085 2714 1180 2747 "1,17.
1219 2714 1241 2729 "
1253 2713 1433 2747 Rom.vm,2.
1472 2711 1730 2747 "Psal.cxvtn,91,

938 2750 942 2765 ι
1005 2749 1027 2765 ιι
1046 2749 1108 2765 Im...
1139 2756 1185 2765 vs"
1211 2748 1245 2765 θη
1288 2749 1311 2764 ³5
1325 2748 1391 2765 Puni
1416 2757 1422 2765 .
1445 2749 1462 2765 ο
1524 2748 1546 2764 ιο
1560 2747 1599 2765 In.
1627 2755 1680 2765 vv"
1699 2747 1715 2765 π

1041 2749 1120 2777 Joau.
1139 2756 1196 2780 xw,
1211 2748 1255 2776 26.
1288 2749 1311 2764 ³⁵
1325 2748 1402 2775 Cant.
1416 2749 1472 2782 1,2.
1524 2748 1546 2764 ³⁸
1560 2747 1611 2775 lss.
1627 2755 1689 2779 xxv,
1699 2747 1727 2774 6.

1041 2785 1064 2812 Ξ.
1124 2784 1147 2801 ⁸ο
1170 2784 1239 2819 Eph.
1265 2793 1290 2816 ι,
1311 2784 1353 2812 15.
1379 2784 1420 2812 Η.
1493 2784 1516 2801 δι
1537 2783 1610 2812 Psal.
1633 2791 1683 2816 xv,
1701 2783 1729 2815 ii.~

115 2820 137 2836 δ’
151 2817 231 2846 Num.
246 2826 320 2853 xviu,
335 2818 380 2846 20.
419 2818 440 2834 “
455 2817 509 2846 Jer.
525 2818 608 2852 1,16.
648 2819 670 2835 ⁸⁵
691 2819 741 2847 lsa.
762 2826 816 2852 LIV,
839 2818 891 2854 l7;

970 2820 994 2846 i.
