1939 3041
232 105 297 132 1211

539 104 567 132 S.
588 104 774 132 ATIIANASII
789 104 862 132 OPP.
883 104 973 132 PARS
993 104 1012 132 I.
1030 121 1063 125 —
1080 105 1264 134 IIISTORICA
1282 107 1324 135 ET
1345 107 1550 137 DOGMATiCA.

1770 113 1840 142 1212

229 171 312 194 tatem
330 173 391 192 esse
406 165 517 196 sanctis,
531 170 593 200 post
607 165 687 200 hujus
702 166 763 192 vitae
779 165 881 193 exitum
893 166 1008 194 miseros
1023 170 1046 198 Α
1060 168 1087 193 in
1110 169 1191 195 muris
1212 177 1311 204 quoque
1333 170 1447 197 ciuitatis
1469 171 1628 205 conﬁdenter
1651 173 1689 198 ait
1708 181 1718 199 :
1740 173 1840 206 Quanti

229 218 290 242 esSe
311 214 386 241 dicit.
413 213 450 240 De
480 220 510 240 sc
534 220 598 239 vero
623 216 650 239 et
678 213 812 240 similibus
845 213 1010 240 confidenter

229 267 312 294 agens
338 269 345 286 :
373 258 452 285 Multi
476 259 591 284 dicunt:
611 258 669 293 quis
693 257 804 284 ostendit
825 259 897 285 nobis
922 258 1011 285 bona?

229 305 369 338 Signatum
384 309 421 330 est
434 312 511 338 super
525 312 571 330 nos
586 304 672 330 lumen
690 303 776 331 vultus
789 304 839 336 tui,
854 303 961 330 Domine
975 304 1008 330 “.

231 351 414 384 Signationem
436 357 496 377 esse
518 350 612 377 dicens
626 350 807 385 signaculum,
823 350 894 384 quod
918 349 1009 377 lumen

229 397 320 423 vultus
337 395 386 426 tui.
404 395 526 425 Domine.
547 402 608 422 esse
625 395 660 422 sit
674 394 822 430 professus.
838 394 931 429 Itaque
949 402 1009 422 cre-

230 444 294 470 dent
319 441 402 469 Paulo
430 441 539 472 dicenti,
567 440 670 476 Spiritu
698 441 886 476 promissionis
914 445 1009 468 sancto

229 488 349 522 signatos
364 494 424 514 esse
437 487 594 518 credentes;
609 490 635 514 et
655 486 718 513 huic
739 486 822 513 David
836 485 883 520 qui
900 486 1010 514 haberet

228 533 352 562 eumdem
380 534 504 568 spiritum
520 533 591 566 ﬁdei,
607 533 732 568 psallenti
748 542 755 560 :
771 533 888 564 Credidi,
905 537 1010 568 propter

228 580 295 615 quod
309 580 411 606 locutus
426 587 483 605 sum
495 578 527 604 “.
543 578 637 605 Sciant
651 579 723 612 quod
743 583 771 605 et
793 579 885 605 vultus
903 578 1008 605 Domini

197 636 201 639 ν
227 633 288 653 esse
303 625 369 652 dicit
382 625 561 659 signaculum,
574 624 646 659 quod
659 624 772 659 accepit,
785 624 811 651 id
824 629 866 652 est
878 624 1009 659 Spiritum

227 676 362 703 sanctum,
389 670 455 697 adeo
478 675 506 696 ut
524 674 552 697 et
575 669 673 697 Filium
700 669 747 696 Dei
772 670 862 697 lumen
886 670 932 697 Dei
949 677 1010 697 esse

226 717 316 743 sciens
339 716 465 750 psalleret
488 715 543 742 Deo
566 715 592 742 in
615 723 685 741 xxxv
705 715 820 749 psalmo,
838 715 931 742 dicens
949 723 956 741 :
976 715 1010 741 ιιι

226 764 325 790 lumine
346 768 390 789 tuo
407 763 551 790 videbimus
574 763 661 789 lumen
672 763 704 795 ",
721 763 747 790 id
768 768 818 794 est,
834 763 860 790 in
878 763 946 790 Filio
961 768 1008 790 tuo

224 809 377 836 videbimus
392 809 522 844 Spiritum
536 813 669 836 sanctum.
686 808 731 836 Sic
741 813 768 836 et
778 809 864 836 Isaias
877 808 1007 844 Spiritum

226 855 273 889 qui
299 855 459 887 sanctiﬁcat,
486 862 540 882 non
567 855 655 882 solum
681 855 791 886 lumen,
809 863 902 882 verum
924 855 1004 882 etiam

226 901 316 936 ignem
341 902 391 929 scit
411 901 556 936 appellare,
574 901 667 929 dicens
682 910 688 927 :
704 901 738 928 Et
751 902 800 928 erit
822 891 909 927 [limen
929 902 1006 936 hujus

226 947 323 980 Israel,
340 952 364 974 et
377 948 552 982 sanctiﬁcubit
569 956 627 974 eum
652 948 709 982 igne
729 948 832 974 ardenti
845 947 878 974 ⁸⁸.
895 947 928 974 Et
945 955 1007 975 ecce

226 994 253 1021 in
269 994 380 1025 lumine.
397 994 467 1027 quod
491 997 532 1020 est
555 993 641 1028 ignis,
669 993 821 1020 sanctiﬁcat
845 992 915 1021 Deus
935 993 1007 1020 hunc

226 1039 319 1071 Israel,
334 1044 360 1065 et
382 1038 452 1065 Dens
477 1045 568 1064 noster
588 1037 658 1072 ignis
678 1045 842 1065 consumens
864 1042 922 1067 est,
937 1037 1007 1064 sicut

225 1084 333 1120 Moyses
347 1084 383 1111 ait
398 1094 404 1110 :
423 1083 490 1110 Deus
506 1088 593 1110 noster
607 1083 674 1117 ignis
687 1090 839 1109 consumens
852 1087 890 1109 est
903 1082 936 1108 δ’.
953 1081 1006 1108 Sed

224 1135 251 1157 et
266 1129 367 1156 Paulus
389 1128 454 1155 dicit
475 1136 482 1153 :
501 1127 533 1154 Ut
551 1128 599 1161 fiat
617 1127 716 1154 oblatio
731 1127 845 1161 gentium
858 1126 1006 1161 acceptabi-

224 1175 268 1208 lis,
286 1174 453 1208 sanctificata
473 1174 499 1200 in
527 1173 628 1207 Spiritu
645 1177 736 1199 sancto
753 1173 786 1198 '°.
802 1172 835 1199 Et
857 1180 911 1198 non
928 1172 1006 1199 aliter

224 1225 335 1254 gentes,
359 1219 437 1246 aliter
459 1218 541 1246 Israel
566 1218 770 1245 sanctificantur
792 1225 807 1244 a
830 1216 900 1248 Deo,
924 1225 1005 1252 quam

225 1266 326 1301 Spiritu
349 1270 443 1293 sancto
460 1265 562 1291 lumine
585 1269 612 1292 et
628 1265 689 1299 igne
700 1264 856 1291 exsistente.
875 1263 943 1290 Dicit
958 1272 1007 1290 au-

224 1316 278 1337 tem
310 1314 337 1337 et
361 1310 493 1344 sapientia
518 1308 673 1336 Salomonis
696 1308 722 1335 in
747 1307 902 1335 Proverbiis
922 1317 928 1334 :
946 1307 1006 1334 Luc

223 1355 331 1382 Domini
346 1355 456 1387 spiratia
478 1359 516 1381 est
532 1354 675 1387 hominum,
692 1354 737 1389 qui
752 1358 886 1381 scrutatur
902 1354 1006 1380 intenta

223 1402 321 1429 centris
334 1401 367 1429 ".
382 1400 414 1428 Et
437 1400 608 1427 manifestum
629 1404 681 1431 est,
701 1400 764 1434 quia
782 1399 900 1434 Spiritus
914 1400 1004 1427 omnia

223 1453 372 1480 scrutatur,
390 1447 619 1483 quemadmodum
637 1447 732 1474 scribit
748 1445 866 1478 Paulus,
883 1450 910 1473 et
931 1446 1004 1480 quod

224 1502 240 1522 a
255 1493 386 1529 principio
403 1493 520 1520 formato
542 1493 638 1524 Adam,
655 1492 682 1519 in
703 1491 798 1519 faciem
818 1492 877 1526 ejus
892 1491 1005 1526 spiravit

222 1539 294 1567 Deus
311 1539 441 1574 Spiritum
463 1543 603 1570 sanctum,
617 1538 688 1565 sicut
709 1537 798 1565 Moses
818 1538 856 1565 ait
873 1547 878 1564 :
901 1537 936 1563 Et
950 1538 1005 1572 api.

223 1587 292 1613 ratn't
307 1585 376 1612 Deus
391 1586 419 1612 in
438 1585 532 1620 faciem
545 1585 609 1612 Adae
622 1584 818 1619 inspiratianem
835 1584 904 1616 uitta,
922 1589 946 1610 et
962 1584 1005 1618 fa-

223 1636 279 1658 ctus
294 1636 332 1658 est
346 1631 421 1657 homo
436 1631 463 1656 in
478 1631 593 1656 animam
605 1630 730 1656 viventem
745 1630 777 1655 ".
790 1628 882 1664 Neque
895 1629 921 1656 id
933 1629 1004 1664 quod

223 1677 354 1711 spiratum
370 1681 411 1704 est
423 1684 437 1703 a
451 1676 576 1706 Domino,
593 1675 682 1702 anima
696 1679 747 1706 est,
763 1675 911 1702 secundum
927 1674 1005 1701 fabu-

223 1722 323 1750 latores
343 1721 468 1754 Judazos;
485 1720 605 1755 alioquin
620 1721 758 1755 quomodo
773 1721 834 1754 hoc,
849 1721 920 1756 quod
943 1729 957 1748 τι
974 1729 1004 1748 se

224 1770 355 1804 spiratum
377 1774 434 1801 est,
454 1769 523 1795 Deus
549 1767 604 1802 igni
627 1771 729 1794 mterno
750 1768 929 1795 condemnat?
956 1770 1003 1796 sed

223 1815 363 1842 viviticans
379 1813 495 1848 Spiritus
506 1817 558 1844 est,
571 1812 605 1839 de
619 1820 673 1846 quo
685 1817 711 1840 et
726 1812 826 1840 Paulus
842 1813 880 1840 ait
896 1822 902 1839 :
920 1814 1005 1848 Spiri-

224 1866 270 1888 tus‘
281 1869 338 1887 vero
354 1859 508 1895 vivificaL".
524 1858 572 1885 Et:
584 1858 699 1893 Spiravit
713 1857 782 1885 Deus
799 1859 826 1884 in
841 1859 935 1891 faciem
947 1860 1003 1893 ejus

223 1908 393 1942 spiratiouem
415 1909 484 1938 vitm,
502 1911 526 1933 et
544 1906 629 1940 factus
650 1909 688 1932 est
703 1904 778 1931 homo
792 1905 818 1931 in
835 1905 949 1931 animant
964 1905 1004 1931 vi-

222 1959 332 1980 rcutem.
350 1954 443 1988 Itaque
459 1952 576 1987 Spiritus
597 1957 707 1978 sanctus
720 1955 761 1978 est
773 1950 884 1985 spiritus
901 1950 971 1980 vit-.13,
988 1958 1004 1976 a

223 2007 277 2034 quo
303 1999 457 2026 excidentes
483 1997 625 2030 nonnulli,
649 1997 771 2024 viventes
795 1995 895 2022 mortui
921 1999 1002 2027 sunt,

223 2046 294 2072 sicut
309 2044 408 2071 Paulus
419 2043 511 2070 scribit
526 2051 532 2068 :
552 2042 623 2069 Nam
645 2050 704 2077 qua:
723 2042 750 2068 in
764 2041 866 2068 deliciis
883 2042 948 2076 agit,
965 2042 1004 2068 vi-

222 2099 281 2117 rens
298 2095 401 2116 mortua
415 2095 451 2116 est
464 2089 497 2114 ”.
509 2088 634 2123 Alioquin
648 2087 785 2122 quomodo
799 2087 949 2114 audiendus
962 2092 1003 2114 est

223 2136 368 2168 Salomon,
389 2135 481 2162 dicens
498 2143 504 2161 :
520 2133 580 2160 Lua:
603 2133 709 2159 Domini
726 2133 835 2168 spiratio
860 2138 898 2160 est
912 2124 1004 2159 7tomi-

1061 215 1186 248 temporis
1208 215 1323 242 obtinent
1346 217 1485 250 prudentes
1502 225 1554 244 non
1575 218 1716 246 stultitim
1737 226 1760 246 et
1776 229 1839 248 επις

1060 258 1182 286 bescent?
1204 258 1386 293 Imprudentes
1411 265 1499 288 autem
1523 263 1687 290 contumelia:
1707 272 1768 290 cum
1784 265 1844 292 sint.

1060 304 1160 338 cupidi,
1175 305 1250 338 impii
1272 305 1357 339 effecti
1375 306 1434 333 odio
1455 307 1602 334 habuerunt
1620 317 1734 341 sensum,
1753 315 1778 336 et
1792 312 1840 337 ob-

1059 350 1133 377 noxii
1146 351 1212 384 facti
1226 356 1287 378 sunt
1300 352 1530 386 increpationibus.
1543 353 1609 381 Ecce
1622 355 1753 390 proferam
1767 357 1846 384 vobis,

1060 404 1125 422 metu
1145 397 1314 430 aspirationis
1339 399 1543 433 professionem,
1570 400 1664 427 docebo
1689 409 1732 428 vos
1753 410 1844 429 meum

1059 450 1203 468 sermonem
1226 443 1258 469 ⁵⁷.
1272 442 1305 470 Ει
1325 443 1409 471 Isaias
1434 444 1551 480 Spiritus
1569 446 1655 473 sancti
1679 448 1842 480 promissio-

1059 494 1122 514 nem
1141 488 1290 522 praedicans
1305 489 1344 516 sic
1367 490 1405 516 ait
1419 499 1426 517 :
1443 490 1516 517 Dixit
1533 490 1672 525 Dominus,
1685 493 1730 527 qui
1745 492 1842 519 caelum

1060 533 1122 568 fecit
1136 539 1161 560 et
1174 535 1254 568 aﬂiait
1270 534 1337 560 illud
1347 554 1354 565 ,
1369 536 1414 570 qui
1434 535 1556 563 solidavit
1571 541 1677 570 terram,
1691 542 1716 564 et
1732 546 1791 573 quia
1811 539 1840 565 in

1059 587 1091 606 ea
1107 583 1167 606 sunt
1180 587 1189 606 .'
1203 580 1247 614 qui
1267 580 1314 606 dat
1336 581 1506 614 spirationem
1527 582 1631 616 populo,
1644 583 1689 617 qui
1708 589 1745 610 est
1761 592 1843 618 super

1059 632 1132 655 eam,
1147 629 1172 651 et
1195 625 1316 659 spiritum
1339 626 1501 654 calcantibus
1514 636 1570 654 eam
1583 629 1616 654 ".
1633 628 1718 656 Dicite
1731 630 1779 664 qui
1798 634 1843 658 est

1063 670 1178 705 populus
1200 671 1245 705 qui
1269 673 1370 706 accepit
1392 673 1588 707 spirationem?
1608 674 1733 710 Nunquid
1751 680 1779 703 et
1797 677 1842 704 hic

1059 716 1235 750 spirationem
1253 718 1369 744 animam
1386 726 1446 746 esse
1465 719 1574 747 dicitis?
1596 722 1649 748 Aut
1665 721 1764 749 dabitis
1780 722 1844 749 sine

1059 761 1150 788 anima
1169 762 1297 796 populum
1315 770 1395 797 super
1410 768 1508 791 terram
1522 766 1693 793 constitisse?
1713 765 1765 793 Sed
1784 775 1839 794 n0n

1058 811 1109 838 est,
1125 806 1320 840 professionem
1334 816 1450 843 namque
1462 809 1579 844 Spiritus
1589 811 1676 837 sancti
1688 811 1842 845 prtedicans

1057 852 1188 886 propheta
1205 852 1260 879 haec
1274 853 1321 880 ait.
1335 852 1455 888 Denique
1468 855 1626 890 completam
1641 856 1843 890 professionem

1056 906 1138 932 super
1162 899 1268 932 fideles,
1293 899 1339 934 qui
1365 899 1472 926 fuerant
1495 901 1540 928 illo
1565 906 1703 936 tempore,
1728 904 1844 938 scripsit

1056 943 1144 972 Lucas
1164 954 1170 971 :
1188 945 1223 971 Et
1240 953 1298 972 cum
1323 946 1512 980 complerentur
1529 947 1584 974 dies
1606 948 1841 983 quinquagesima,

1056 994 1130 1016 erant
1151 991 1251 1024 pariter
1272 999 1360 1018 omnes
1379 993 1407 1018 in
1429 1001 1520 1020 unum.
1536 993 1570 1021 Et
1587 993 1672 1028 factus
1689 1000 1726 1022 est
1749 996 1843 1022 subito

1056 1042 1135 1061 sonus
1153 1035 1184 1061 de
1204 1035 1278 1069 calo,
1293 1040 1416 1071 tanquam
1431 1037 1547 1071 Spiritus
1564 1039 1696 1066 vehemens
1712 1040 1839 1074 ferretur,

1056 1079 1165 1114 impleas
1189 1085 1271 1107 totam
1291 1081 1397 1108 domum
1421 1083 1464 1109 ubi
1484 1089 1558 1110 erant
1577 1085 1703 1111 sedentes.
1723 1085 1757 1112 Et
1776 1087 1840 1114 vista

1055 1131 1117 1153 sunt
1131 1126 1168 1152 eis
1183 1126 1273 1154 divisa:
1287 1127 1382 1162 tinguat
1402 1133 1524 1163 tanquam
1544 1130 1622 1164 ignis,
1642 1135 1666 1157 et
1680 1131 1747 1158 sedit
1759 1140 1840 1165 super

1056 1179 1262 1207 unumquemque
1282 1181 1380 1206 eorum,
1396 1178 1420 1200 et
1443 1179 1571 1208 ctepcrunt
1595 1175 1664 1210 loqui
1682 1177 1764 1202 variis
1783 1177 1838 1204 lin-

1057 1218 1126 1252 guis,
1143 1222 1220 1252 prout
1233 1217 1348 1253 Spiritus
1359 1224 1464 1246 sanctus
1479 1221 1558 1246 dabat
1571 1220 1656 1256 eloqui
1671 1222 1724 1249 illis
1736 1222 1770 1249 ".

1093 1263 1134 1291 I9.
1151 1263 1237 1290 Simili
1253 1265 1333 1292 modo
1346 1272 1461 1300 magnus
1473 1265 1517 1293 ille
1527 1265 1578 1293 Job
1592 1267 1721 1295 adversus
1732 1268 1838 1296 amicos

1057 1317 1132 1341 suos,
1150 1317 1211 1337 cum
1233 1315 1324 1338 essent
1340 1310 1441 1346 Spiritu
1465 1317 1558 1339 sancto
1578 1313 1694 1347 privati,
1716 1317 1743 1341 et
1766 1314 1837 1341 nihil

1056 1363 1149 1383 verum
1169 1357 1304 1388 dicerent,
1321 1364 1407 1391 neque
1422 1358 1597 1392 opinarentur
1618 1366 1648 1386 se
1668 1364 1729 1386 ante
1748 1359 1835 1386 Deum

1056 1401 1146 1436 loqui,
1170 1402 1258 1429 aiebat
1273 1411 1279 1428 :
1297 1402 1390 1430 Nonne
1405 1409 1465 1430 ante
1488 1404 1570 1430 Deum
1592 1404 1729 1439 loquimini
1742 1405 1788 1432 “2
1805 1405 1838 1432 Et

1055 1456 1164 1476 rursum
1180 1456 1186 1474 :
1200 1447 1249 1476 Cui
1260 1450 1435 1476 annuntiastis
1448 1450 1545 1476 verba?
1558 1449 1673 1484 Spiratio
1687 1459 1745 1478 vero
1759 1452 1836 1486 cujus

1054 1498 1104 1524 est,
1127 1501 1185 1528 qui:
1209 1494 1325 1528 procedit
1339 1502 1355 1520 a
1370 1499 1393 1521 te
1408 1495 1451 1521 "‘2
1469 1494 1505 1521 Ex
1528 1495 1627 1529 quibus
1648 1503 1719 1522 unus
1737 1504 1834 1531 magna

1055 1538 1168 1573 loquens
1181 1539 1286 1567 dicebat
1301 1549 1308 1567 :
1322 1539 1436 1574 Spiritus
1451 1546 1500 1573 est,
1519 1542 1564 1576 qui
1585 1542 1737 1568 mortalibus
1752 1543 1834 1569 inter-

1055 1584 1132 1617 cedit,
1144 1585 1252 1619 spiratio
1265 1593 1322 1612 vero
1333 1586 1527 1620 omnipotentia:
1535 1591 1585 1618 est,
1596 1595 1654 1621 qua:
1666 1595 1705 1614 me
1715 1588 1789 1614 docet
1801 1588 1832 1613 ".

1054 1631 1231 1666 Omnipotens
1256 1637 1345 1660 autem
1371 1632 1455 1660 Filius
1480 1633 1544 1666 Dei,
1566 1633 1598 1660 de
1619 1641 1673 1668 quo
1686 1633 1833 1661 Zacharias

1054 1678 1092 1705 ait
1108 1685 1115 1703 :
1133 1677 1276 1712 Propterea
1298 1678 1337 1704 sic
1357 1678 1422 1704 dicit
1436 1678 1562 1704 Dominus
1575 1679 1748 1712 omnipotens.
1769 1678 1831 1705 Post

1053 1722 1165 1756 gloriam
1187 1722 1259 1748 misit
1282 1730 1322 1748 me
1343 1730 1420 1756 super
1435 1727 1522 1757 gentes
1535 1723 1566 1749 ⁸³.
1581 1722 1664 1757 Igitur
1687 1722 1831 1751 Salomone

1053 1769 1158 1795 dicente
1171 1778 1177 1795 :
1195 1767 1254 1795 Lua;
1271 1767 1376 1794 Domini
1391 1769 1501 1801 spiratio
1521 1773 1560 1795 est
1574 1770 1708 1796 hominum
1719 1769 1756 1802 ⁶⁸;
1774 1775 1801 1797 et
1815 1778 1831 1796 a

1053 1812 1126 1840 Mose
1146 1814 1294 1840 instructi:
1318 1813 1434 1848 Spirauit
1452 1813 1577 1840 Dominus
1600 1815 1627 1841 in
1654 1815 1747 1848 facient
1770 1815 1831 1842 Adat

1053 1860 1223 1893 spirationem
1245 1860 1321 1891 uiue,
1343 1864 1368 1886 et
1391 1859 1477 1894 factus
1502 1865 1540 1887 est
1559 1861 1586 1887 in
1609 1861 1725 1888 animam
1748 1863 1833 1889 vicen-

1054 1910 1105 1932 tem
1120 1906 1159 1938 “;
1180 1905 1320 1933 audientes
1344 1913 1409 1933 vero
1428 1911 1455 1933 et.
1482 1905 1648 1934 Salvatorem
1675 1907 1831 1935 dicentem:

1053 1950 1110 1985 Ego
1124 1959 1182 1977 sum
1196 1951 1249 1977 vita
1263 1951 1303 1984 “;
1322 1955 1349 1978 et
1362 1950 1475 1978 Paulum
1491 1950 1653 1978 scribentem
1668 1959 1675 1977 :
1690 1950 1745 1978 Lez
1763 1953 1833 1978 enim

1052 1997 1160 2031 spiritus
1187 1997 1246 2024 uiue
1268 1997 1306 2030 ‘7;
1330 2002 1357 2024 et
1373 2004 1482 2024 rursum
1500 2006 1507 2023 ι
1524 1996 1598 2023 Misit
1618 1996 1689 2024 Deus
1704 1996 1834 2032 Spiritum

1053 2041 1121 2068 Filii
1134 2042 1176 2068 sui
1191 2044 1218 2068 in
1236 2042 1316 2068 corda
1338 2048 1429 2069 nostra
1442 2042 1482 2072 ‘9;
1504 2043 1625 2070 videntes
1641 2048 1731 2069 autem
1751 2043 1834 2070 etiam

1053 2085 1227 2121 Unigenitum
1252 2087 1432 2114 insulilantem
1451 2087 1479 2114 in
1496 2086 1591 2114 faciem
1606 2088 1793 2121 apostolorum
1809 2092 1836 2114 ct

1053 2133 1186 2161 dicentem
1206 2142 1212 2159 :
1230 2133 1347 2168 Accipite
1370 2133 1500 2168 Spiritum
1517 2137 1638 2160 sanctum
1652 2134 1685 2165 ⁵³,
1708 2133 1835 2168 spiratio-

221 2190 294 2213 num,
311 2182 355 2216 qui
371 2186 506 2208 scrutatur
518 2181 621 2206 interna
636 2179 742 2211 uentris,
758 2179 781 2206 si
794 2179 899 2206 animas
914 2179 1001 2206 bomi-
1015 2181 1040 2211 ι)
1052 2187 1113 2206 nem
1139 2178 1201 2206 Filii
1223 2179 1250 2206 in
1279 2179 1386 2214 propria
1409 2179 1462 2206 vita
1485 2183 1512 2206 et
1532 2179 1684 2206 substantia
1709 2184 1836 2206 manente

221 2236 287 2256 num
302 2229 393 2255 lumen
407 2227 454 2254 Dei
470 2234 530 2254 esse
547 2226 646 2256 dicitis,
663 2226 714 2252 nisi
731 2224 861 2260 Spiritum
878 2229 1001 2253 sanctum

222 2275 314 2302 lumen
331 2274 376 2302 Dei
400 2273 519 2301 confessi
541 2272 665 2300 fueritis?
685 2272 737 2299 Sed
762 2271 937 2306 spirationem
962 2273 1004 2298 lu-

222 2329 283 2349 men
297 2320 342 2348 Dei
356 2327 415 2347 esse
429 2319 560 2351 credatis,
578 2318 685 2346 dicente
697 2317 771 2344 Mose
783 2326 790 2345 :
805 2317 922 2352 Spirauit
934 2317 1003 2344 Deus

221 2369 248 2394 :‘n
266 2367 359 2402 facient
373 2366 438 2393 Adae
453 2365 612 2400 spiraculum
627 2365 696 2391 vitta.
714 2364 747 2391 Et
763 2363 849 2391 Filius
865 2364 909 2390 Dei
928 2372 934 2390 :
948 2363 1003 2398 Ego

220 2422 280 2442 sum
301 2413 354 2439 vita
375 2412 409 2439 ¹¹.
428 2411 481 2439 Sed
502 2417 529 2438 et
552 2411 683 2446 sapientia
703 2409 858 2437 Salomonis
878 2410 1002 2437 introdu-

221 2464 326 2487 ccntem
344 2458 511 2486 Salvatorem
527 2457 590 2484 dicit
604 2465 612 2484 :
626 2456 693 2483 Ecce
706 2456 838 2491 proferam
854 2455 923 2482 vobis
939 2462 1002 2482 mea:

221 2505 392 2540 aspirationis
411 2504 597 2539 professionem
608 2503 631 2518 "
644 2511 650 2528 :
665 2503 705 2530 sic
726 2502 799 2529 enim
811 2501 837 2527 in
850 2500 1003 2528 Proverbiis

222 2553 259 2579 ait
275 2561 281 2579 :
299 2551 436 2586 Sapientia
451 2551 478 2577 in
495 2550 566 2577 exitu
580 2554 698 2581 canetur,
710 2549 736 2575 in
752 2548 844 2582 plateis
861 2555 919 2574 vero
933 2547 1002 2581 ﬁdu-

220 2597 324 2624 cialiter
348 2597 402 2632 agit
419 2603 429 2623 :
446 2596 473 2622 in
496 2596 578 2630 partis
599 2599 687 2621 autem
705 2594 849 2628 potentium
871 2592 972 2619 assistit
992 2599 1002 2618 :

257 2675 280 2691 “
297 2674 366 2708 Psal.
387 2684 424 2707 Iv,
437 2676 497 2703 6-7.
535 2675 557 2692 ⁵⁸
569 2675 641 2703 Psal.
655 2684 715 2708 cxv,
734 2675 777 2702 10.
816 2675 838 2691 ⁸⁷
854 2675 926 2702 Psal.
943 2682 1024 2705 xxxv.
1040 2674 1083 2701 10.

840 2710 863 2725 ⁸³
878 2709 898 2736 ll
913 2710 975 2737 Cor.
991 2718 1030 2740 ιιι,
1046 2709 1071 2735 6.

841 2746 862 2760 "
876 2745 934 2771 Act.
951 2753 980 2776 ιι,
996 2745 1052 2771 1-1.

846 2781 867 2796 ⁸⁵
881 2780 946 2807 Gen.
963 2788 992 2806 ιι.
1009 2779 1033 2806 7.

225 2709 269 2737 Ili.
307 2705 328 2725 ⁵¹
342 2705 422 2737 Pron
438 2720 483 2741 xx,
498 2711 542 2739 27.

223 2745 269 2773 23.
308 2745 330 2760 ⁸⁷
343 2747 407 2773 ibid.
422 2747 516 2772 διο-25.

224 2781 252 2808 4.
309 2780 330 2794 ⁸³
345 2780 425 2807 Zarb.
442 2789 471 2811 ιι,
487 2782 513 2807 8.

226 2816 254 2843 ὁ.
291 2815 311 2831 ⁶⁹
328 2814 405 2843 Joan.
420 2824 462 2849 xx,
478 2816 521 2842 ‘22.

597 2711 620 2728 ⁸³
633 2711 700 2739 Gen.
719 2718 748 2742 ιι,
760 2711 785 2737 7.

563 2746 586 2762 "
602 2746 653 2773 lsa.
680 2754 744 2777 xm,
759 2754 784 2772 v.

563 2782 584 2796 “
597 2781 675 2809 I’rov.
690 2789 734 2813 xx,
751 2780 793 2807 27.

1053 2225 1183 2259 Spiritum
1206 2233 1267 2253 esse
1284 2226 1441 2256 doceamur,
1461 2229 1489 2251 et
1509 2232 1595 2258 neque
1613 2224 1733 2259 genitum
1747 2231 1836 2258 neque

1052 2276 1173 2299 creatum
1189 2278 1250 2298 esse
1265 2278 1281 2297 a
1299 2270 1367 2298 Filio
1384 2270 1533 2305 sapiamus,
1547 2277 1718 2304 nequaquam
1738 2270 1835 2304 unigm

1052 2317 1139 2344 nitum
1168 2316 1267 2343 Filium
1286 2315 1428 2343 credamus
1450 2323 1510 2343 esse
1536 2315 1683 2350 Spiritum,
1708 2320 1735 2341 et
1761 2314 1836 2348 quod

1053 2361 1186 2388 Dominus
1204 2362 1240 2388 sit
1260 2360 1378 2388 Verbum
1403 2360 1480 2393 Filii,
1504 2361 1623 2395 genitum
1648 2367 1712 2387 vero
1736 2367 1751 2386 a
1779 2359 1835 2387 Deo

1056 2407 1172 2434 Verbum
1188 2414 1267 2434 suum
1280 2407 1307 2433 in
1323 2405 1433 2441 propria
1447 2406 1501 2433 vita
1517 2410 1543 2432 et
1558 2405 1711 2432 substantia
1725 2412 1835 2439 perma-

1054 2461 1133 2483 nens,
1149 2460 1210 2479 cum
1227 2452 1262 2480 sit
1281 2452 1334 2479 vita
1358 2451 1443 2478 Filius
1460 2450 1517 2478 Dei.
1533 2450 1677 2486 Propterea
1698 2458 1762 2477 vero
1780 2458 1835 2477 non

1054 2503 1096 2531 est
1119 2498 1226 2534 genitus
1252 2498 1286 2525 ab
1300 2505 1333 2524 eo
1351 2497 1479 2532 Spiritus,
1503 2497 1566 2531 quia
1583 2505 1638 2523 non
1658 2501 1701 2524 est
1716 2495 1834 2524 Verbum

1054 2545 1124 2579 ejus.
1138 2544 1265 2572 Creatum
1282 2551 1345 2570 vero
1357 2543 1446 2570 dicere
1463 2542 1604 2577 Spiritum,
1614 2542 1701 2569 absit!
1718 2541 1834 2569 Verum-

1055 2595 1144 2617 tamen
1165 2590 1338 2624 spirationem
1361 2588 1421 2615 Filii
1437 2588 1484 2615 Dei
1505 2595 1567 2615 eum
1583 2596 1616 2615 ex
1640 2587 1742 2615 sanctis
1762 2588 1835 2615 Scri-

1650 2671 1673 2686 ⁸⁰
1691 2670 1768 2697 Rom.
1789 2679 1830 2703 xv,

1674 2706 1696 2721 ⁸⁸
1713 2705 1793 2732 Prov.
1813 2714 1829 2737 :,

1622 2741 1643 2757 "
1657 2741 1709 2767 Job
1732 2749 1829 2771 xxxiii.

1655 2777 1677 2792 ει
1690 2775 1777 2803 Galat.
1795 2783 1834 2809 ινι

1366 2672 1388 2689 ιο
1404 2672 1481 2699 Deut.
1496 2679 1533 2705 ιν,
1551 2671 1596 2698 et.

1395 2707 1418 2723 ”
1429 2707 1507 2734 Joan.
1523 2715 1579 2738 xiv,
1594 2707 1620 2734 6.

1352 2743 1373 2758 ⁶¹
1387 2742 1438 2769 Job
1455 2750 1527 2772 xxvr,
1542 2741 1567 2768 4.

1369 2778 1389 2793 ⁸⁷
1407 2777 1485 2805 Rom.
1502 2785 1562 2809 Vlll,
1576 2777 1602 2803 ‘2.

1123 2674 1144 2689 ⁵⁸
1162 2673 1214 2701 Isa.
1231 2682 1259 2706 x,
1275 2673 1318 2700 I7.

1126 2709 1171 2735 “I
1187 2709 1256 2736 Tim.
1273 2717 1299 2739 ν,
1314 2707 1340 2735 6.

1107 2744 1128 2759 ⁸ο
1140 2744 1192 2771 Job
1205 2753 1262 2776 xm,
1276 2743 1301 2770 7.

1084 2780 1105 2794 δε
1120 2779 1197 2807 Joan.
1218 2787 1274 2811 xw,
1292 2780 1316 2805 6.
