1939 3041
98 112 186 140 1215¹

589 107 633 135 DE
653 106 843 135 TRINI'I‘A'I'E
858 107 903 135 ET
922 107 1057 136 SPIRITU
1079 107 1223 136 SANCTO.

1644 106 1713 136 1214

95 168 184 202 pturis
202 166 275 194 docti
291 174 395 198 sumus,
415 171 443 194 et
467 166 567 194 fontem
589 165 706 201 Spiritus
729 170 756 193 et
779 165 878 192 Filium
894 168 917 196 Α
929 166 1021 194 audite
1037 167 1200 194 clamantem
1221 170 1317 194 contra
1337 165 1465 194 Iudaeos:
1483 166 1552 198 Quia
1568 165 1713 202 dere/ique-

97 213 146 240 Dei
165 213 292 245 dicimus,
311 213 450 241 audientes
469 212 566 239 Filium
582 219 589 238 :
610 211 679 244 Quia
701 212 753 238 duo
771 220 881 247 nequam

96 259 159 294 fecit
186 259 298 294 populus
318 259 377 291 iste,
403 267 443 285 me
466 258 658 293 dercliquerunt
683 258 781 292 fontem
806 266 881 293 aqua:

94 307 170 338 vivit,
187 310 212 333 et
234 305 354 340 foderunt
377 304 428 331 sibi
451 303 525 331 lacus
545 304 684 336 contritas,
701 305 746 339 qui
767 312 818 330 non
834 312 881 338 po-

97 356 203 378 tuerunt
221 359 315 386 aquam
329 355 436 386 portare
448 350 481 376 "°.
497 349 574 384 Aqua
597 350 655 377 viva
682 349 800 384 Spiritus
815 358 880 377 san-

96 402 157 424 ctus
174 402 224 430 est,
242 397 314 424 sicut
340 396 459 424 Joannes
481 397 586 430 docuit,
611 395 751 424 Salvatore
774 396 881 425 dicente

95 443 128 469 ad
147 442 344 469 Samaritanam
362 442 501 469 mulierem
518 451 525 470 :
541 442 570 469 Si
581 443 661 470 scires
676 443 773 470 donum
784 443 843 476 Dei,
855 448 880 471 et

95 489 154 522 quis
169 493 207 515 est
231 489 275 523 qui
291 489 357 515 dicit
380 488 427 515 tibi
442 496 451 515 .'
467 488 508 515 Da
527 489 591 516 milii
616 489 719 521 bibere;
741 494 768 516 tu
793 491 880 525 utique

95 535 204 570 petisses
228 543 298 567 eum,
320 539 345 561 ot
368 535 479 562 dedisset
503 534 550 561 tibi
573 543 668 570 aquam
691 535 776 562 vivam
791 535 832 567 ⁷¹;
854 539 881 562 et

96 588 228 608 rursum:
246 580 400 615 Quicunque
423 580 515 606 biberit
539 588 571 607 ea;
594 588 673 614 aqua,
698 588 776 615 quam
795 588 840 616 ego
856 580 881 607 ei

97 626 176 659 dabo,
193 635 244 653 non
263 627 334 653 sitiet
348 627 375 653 in
396 631 523 654 aeternum
538 627 570 653 ⁷³.
593 626 625 653 Et
640 626 668 653 in
684 626 773 653 medio
789 626 880 660 tcmpli

96 673 195 700 clamat
211 680 218 698 :
234 672 263 699 Si
287 673 345 707 quis
361 673 432 704 sitit,
454 673 539 699 veniat
556 671 590 698 ad
614 679 652 698 me
675 677 699 698 et
722 671 809 703 bibat;
836 672 880 706 qui

96 718 180 744 credit
196 718 223 744 in
246 726 296 751 me,
311 719 379 745 sicut
397 719 464 744 dicit
481 718 630 752 Scriptura,
645 718 757 752 [Iuntina
773 718 805 744 de
822 725 880 744 vett-

97 767 135 788 tre
158 762 214 797 ejus
233 763 315 797 ﬂuent
337 771 414 798 aqua:
432 764 496 790 viva:
518 763 551 791 ⁷³.
567 762 599 790 Et
623 763 813 799 interpretatus
839 769 880 791 est

96 807 159 834 sic:
187 807 244 834 Hoc
265 813 353 835 autem
376 809 480 836 dicebat
501 809 532 835 de
558 807 661 842 Spiritu
683 813 782 841 sancto,
804 817 879 844 queat

96 854 230 888 accepturi
252 855 387 889 erantqui
409 855 536 882 credituri
561 860 636 882 erant
661 856 689 882 in
712 864 771 882 eum
788 856 821 881 ⁷³.
841 855 880 882 Ita

95 900 178 927 etiam
200 905 227 927 et
249 900 332 928 Isaias
359 900 505 928 Dominum
529 901 631 929 dixisse
654 901 692 928 ait
713 909 719 927 :
741 901 811 934 Quia
833 910 879 937 ego

95 945 165 973 dabo
180 946 207 972 in
228 947 273 973 siti
288 955 384 981 aquam
398 947 431 974 iis
446 948 491 982 qui
506 948 532 974 in
554 948 624 974 sicco
640 948 691 975 iter
711 948 839 982 fecerunt,
854 953 878 975 et

95 1000 192 1020 vanam
209 992 339 1027 Spiritum
355 1001 439 1020 meum
459 1001 535 1028 super
555 1002 641 1021 semen
657 1000 742 1028 tuum,
761 1000 786 1022 et
803 994 879 1022 bene-

95 1039 222 1066 dictiones
236 1047 306 1066 meas
323 1047 400 1074 super
415 1040 484 1074 ﬁlios
508 1045 577 1073 tuos,
596 1045 619 1067 et
643 1042 741 1068 orietur
754 1046 879 1076 tanquam

95 1085 124 1113 in
142 1093 210 1120 aqua
232 1085 336 1120 fenum,
356 1085 424 1113 velut
449 1086 520 1114 salis;
545 1087 613 1114 inter
633 1088 722 1122 ﬂuxus
747 1095 822 1122 aqute
844 1088 877 1115 ⁷⁵,

95 1131 166 1167 Ergo
189 1132 334 1160 manifeste
358 1132 507 1168 Scripturis
535 1134 636 1162 sanctis
666 1134 876 1169 proﬁtentibus,

95 1186 194 1213 aquam
211 1179 300 1206 vivam
317 1178 448 1214 Spiritum
470 1185 593 1208 sanctum
613 1188 672 1208 esse
689 1181 877 1215 cogmvimus.

96 1224 230 1252 Dominus
245 1233 274 1253 se
285 1224 387 1253 fontem
403 1225 521 1260 Spiritus
536 1234 597 1254 esse
617 1227 686 1254 dixit
701 1228 740 1254 sic
754 1235 761 1253 :
779 1227 821 1254 Me
834 1226 880 1254 de-

96 1271 256 1305 retiquerunt
270 1271 367 1306 [mitem
386 1280 461 1307 aqute
476 1273 539 1299 aiore
551 1273 584 1301 ⁷⁸.
603 1272 648 1300 Sic
667 1277 693 1300 et
710 1272 793 1300 David
807 1273 880 1300 canit

96 1315 123 1342 in
139 1316 243 1350 psalmo
260 1324 342 1348 xxxv,
354 1317 448 1345 dicens
460 1318 492 1345 ad
503 1317 649 1346 Dominum
665 1329 670 1345 :
686 1318 756 1351 Quia
771 1319 841 1353 apud
855 1324 879 1346 te

97 1367 135 1388 est
160 1362 218 1396 fons
241 1363 301 1390 vitae
315 1364 349 1390 ⁷⁷.
369 1363 454 1398 Igitur
478 1369 576 1399 prater
599 1365 743 1393 Dominum
768 1366 879 1393 ostende

96 1407 179 1435 alium
201 1407 302 1436 fontem
317 1409 396 1443 vitae,
418 1411 465 1445 qtti
483 1411 554 1446 apud
576 1419 639 1438 eum
660 1411 718 1439 sit:
738 1419 792 1438 non
807 1412 878 1438 enim

95 1451 173 1484 dixit,
191 1453 319 1487 quoniam
343 1458 371 1480 tu
393 1462 423 1482 es
444 1455 504 1482 fons
526 1455 597 1487 vitae,
615 1455 662 1483 sed
677 1456 739 1491 quia
756 1456 828 1491 apud
853 1462 879 1484 te

95 1496 158 1525 fons
172 1498 233 1525 vitae
244 1503 294 1526 est.
303 1499 382 1534 782
391 1499 508 1527 Estvero
520 1501 590 1535 apud
604 1500 698 1534 Deum,
711 1506 737 1529 et
746 1507 786 1529 est
795 1501 879 1529 Filius

94 1543 158 1572 I'ons
172 1544 308 1573 exsistens
320 1545 449 1579 Spiritus,
462 1546 496 1574 de
510 1555 565 1581 quo
579 1547 679 1575 Paulus
693 1548 725 1575 ad
740 1547 878 1576 Romanos

96 1589 192 1617 scribit
207 1598 213 1615 :
227 1589 343 1624 Spiritus
365 1601 422 1619 vero
440 1593 501 1620 υἱιιε
522 1598 627 1628 propter
644 1593 779 1628 justitiam
794 1594 826 1620 ⁷⁸.
841 1593 878 1621 Ita

95 1643 152 1662 non
171 1635 300 1669 alienum,
325 1637 372 1665 sed
393 1638 532 1673 proprium
553 1639 641 1666 Patris
652 1647 713 1667 esse
725 1647 787 1667 eum
803 1639 877 1667 dicit.
891 1664 895 1670 ,

96 1680 164 1708 Nam
180 1689 242 1709 cum
259 1682 400 1717 professus
421 1683 517 1711 fuisset
530 1693 537 1711 :
551 1684 620 1717 Quia
640 1685 710 1718 apud
728 1690 751 1711 te
765 1688 802 1711 est
820 1684 878 1719 fons

96 1730 167 1762 vitta,
183 1728 308 1764 adiunxit
323 1738 329 1756 :
349 1729 383 1757 In
406 1730 503 1757 lumine
520 1735 565 1756 tuo
580 1730 722 1757 videbimus
743 1729 831 1756 lumen
844 1730 877 1762 ⁷⁸,

96 1777 123 1804 id
136 1781 187 1810 est,
205 1777 274 1804 Filio
288 1782 334 1805 tuo
348 1777 499 1805 videbimus
517 1777 657 1812 Spiritum.
675 1776 784 1804 Necnon
798 1777 878 1805 etiam

95 1827 123 1851 et
147 1823 175 1850 in
199 1825 309 1850 nomine
323 1823 432 1851 virtutis
453 1823 500 1850 Dci
526 1823 677 1857 appellatus
700 1823 835 1858 Spiritus,
852 1827 880 1850 et

95 1868 198 1901 virtus,
222 1873 250 1895 et
279 1869 411 1903 sapientia
433 1876 493 1896 esse
516 1873 694 1895 monstratur.
719 1867 879 1895 Audivimus

95 1913 169 1941 enim
183 1913 351 1941 Salvatorem
368 1914 395 1940 in
413 1913 559 1948 Evangeiio
578 1913 780 1948 promittentem
797 1913 879 1940 disci-

96 1958 169 1993 pulis
188 1958 245 1985 suis
268 1958 416 1985 missurum
439 1965 500 1985 esse
524 1956 654 1992 Spiritum
679 1961 813 1990 sanctum,
833 1958 878 1991 qui

95 2003 162 2030 dicit
175 2012 182 2030 :
198 2001 263 2029 Ecce
277 2011 323 2037 ego
337 2002 497 2037 prccmittam
512 2002 711 2037 promissionem
725 2001 817 2029 Patris
829 2002 879 2030 mei

95 2057 174 2084 super
189 2057 230 2076 vos
246 2057 254 2076 :
272 2057 314 2076 uos
331 2057 390 2075 vero
411 2049 496 2075 sedete
516 2048 544 2074 in
558 2048 673 2079 civitate,
688 2048 768 2075 donec
784 2049 880 2076 indua-

97 2095 162 2122 mini
175 2101 206 2121 επ
219 2094 274 2121 alto
288 2094 408 2120 uirtutem
422 2093 456 2119 ³ο.
472 2092 500 2119 In
519 2092 633 2120 Actibus
654 2100 718 2120 vero
741 2093 878 2127 apostolo—

96 2146 157 2168 rum
184 2140 255 2167 idem
277 2139 408 2170 Dominus
429 2139 468 2166 ait
488 2147 495 2164 :
515 2138 566 2165 Sed
598 2139 732 2173 accipietis
757 2139 879 2166 virtutem

931 219 992 241 runt
1012 222 1052 241 me
1068 214 1167 248 fontem
1190 214 1250 240 vita
1272 213 1425 240 Dominum.
1447 213 1524 240 Alius
1544 218 1633 243 autem
1650 213 1687 240 ait
1704 221 1711 240 :

932 260 1062 295 Spiritum
1084 261 1236 295 sapientiae.
1264 260 1353 287 sciens
1371 259 1501 294 Spiritum
1526 265 1649 287 sanctum
1669 268 1714 287 se-

931 307 1050 334 cundum
1074 305 1171 333 Isaiam
1194 305 1302 340 quidem
1327 305 1460 333 dicentem
1484 314 1490 332 :
1517 304 1553 331 Et
1573 305 1712 340 requiescet

931 362 1007 388 super
1023 361 1081 380 eum
1096 352 1210 387 Spiritus
1224 352 1338 384 Domini,
1353 351 1468 386 Spiritus
1482 352 1617 385 sapientia:
1634 356 1658 377 et
1671 352 1713 378 in-

932 400 1049 426 tellectus
1065 399 1097 426 “.
1120 398 1275 426 Secundum
1295 398 1408 424 Paulum
1431 405 1495 425 vero
1518 397 1680 424 tribuentem
1703 405 1710 422 :

932 445 994 472 Non
1009 454 1080 472 cesso
1095 445 1194 480 gratias
1209 453 1286 479 agens
1306 443 1358 470 Deo
1379 451 1426 476 pro
1445 443 1524 475 vobis,
1538 448 1566 469 ut
1583 443 1625 469 det
1639 442 1711 469 vobis

932 492 1061 527 Spiritum
1084 491 1220 526 sapientia
1239 495 1263 517 et
1281 489 1444 517 reuelationis
1469 490 1501 516 ³³.
1524 489 1635 516 Fontcm
1652 495 1713 515 esse

932 539 1062 574 Spiritum
1077 539 1146 566 dixit
1159 547 1252 573 supra,
1267 539 1308 566 sic
1324 538 1417 565 dicens
1434 547 1440 564 :
1455 537 1635 572 Dereliquistis
1651 536 1711 570 fon-

931 592 982 614 tem
996 587 1130 620 sapientiae
1142 586 1172 612 ³⁸.
1186 586 1262 619 Quod
1275 593 1339 613 vero
1351 585 1482 620 Spiritum
1495 584 1538 613 bic
1551 584 1711 619 sapientiam

931 632 1114 668 appellaverit,
1131 631 1304 659 manifestum
1321 635 1371 661 est,
1388 639 1422 657 ex
1442 630 1540 665 quibus
1552 630 1627 657 dicit.
1643 628 1710 656 Nam

930 687 991 706 cum
1009 679 1036 705 in
1057 683 1126 705 terra
1148 677 1338 705 Cbaldzeorum
1363 680 1435 704 esset
1458 676 1583 711 populus,
1601 680 1628 703 et
1648 683 1710 702 cum

929 723 1062 750 Chaldaeis
1074 727 1291 753 conversaretur,
1305 729 1352 748 eos
1369 722 1415 755 qui
1433 729 1486 748 non
1504 721 1633 748 baberent
1650 720 1711 755 Spi-

929 770 1012 796 ritum
1043 774 1186 800 sanctum,
1208 769 1255 796 sed
1282 768 1428 795 carnaliter
1454 767 1562 802 quidem
1590 767 1712 794 viverent

929 819 1050 849 peccato,
1065 818 1234 841 morerentur
1253 821 1318 841 vero
1338 813 1459 848 justitiam,
1476 818 1502 840 et
1521 813 1712 840 fraudarentur

932 860 1033 895 Spiritu
1056 864 1160 890 sancto.
1174 860 1339 894 querebatur
1361 867 1422 886 cum
1437 859 1578 894 Iacrymis,
1592 859 1685 886 dicens
1702 867 1709 885 :

931 905 1001 938 Quid
1017 909 1055 932 est
1071 904 1176 931 Israel?
1188 904 1260 940 quid,
1281 905 1343 939 quia
1358 905 1385 931 in
1409 909 1478 930 terra
1495 904 1660 931 inimicorum
1673 912 1710 935 es.

929 955 954 978 et
978 951 1127 977 inveterasti
1145 951 1171 976 in
1189 955 1259 976 terra
1282 949 1379 981 aliena,
1398 950 1580 984 coinquinatus
1604 957 1630 976 es
1653 957 1712 976 cum

930 997 1050 1028 mortuis,
1066 997 1205 1030 deputatus
1227 1005 1253 1023 es
1276 1004 1335 1022 cum
1355 996 1394 1022 Itis
1416 997 1459 1030 qui
1483 996 1509 1023 in
1522 996 1622 1030 inferno
1639 1001 1711 1027 sunt,

929 1043 1089 1078 dereliquisti
1101 1043 1198 1077 fontem
1211 1043 1356 1076 sapientiw.
1371 1041 1445 1069 Viam
1460 1041 1563 1069 Domini
1579 1042 1602 1069 si
1617 1042 1711 1077 fuisses

929 1089 1069 1123 ingressus,
1093 1088 1226 1116 Itabitares
1241 1089 1330 1123 utique
1344 1097 1403 1115 cum
1419 1097 1483 1123 pace
1497 1089 1524 1115 in
1536 1093 1662 1115 internum
1676 1089 1709 1116 ⁸⁵.

929 1133 1110 1161 Considerent
1131 1133 1203 1160 enim
1220 1133 1310 1164 viam,
1334 1141 1414 1167 quam
1443 1133 1644 1168 dereliquerunt
1663 1133 1711 1160 lilii

928 1178 1020 1209 Israel,
1044 1177 1129 1205 Deum
1144 1185 1213 1210 esse,
1237 1178 1283 1212 qui
1299 1177 1364 1204 dicit
1378 1185 1383 1202 :
1398 1177 1453 1212 Ego
1467 1186 1526 1204 sum
1539 1178 1581 1205 via
1595 1177 1628 1209 ³⁸,
1650 1177 1711 1205 fon-

929 1227 982 1250 tem
996 1223 1058 1250 vitaa
1072 1223 1099 1250 in
1111 1223 1243 1257 propheta
1256 1222 1395 1257 appellari,
1413 1230 1494 1257 quam
1507 1223 1712 1258 dereliquerunt

929 1268 1024 1301 Judaei,
1040 1269 1249 1304 coinquinantcs
1269 1277 1298 1296 se
1319 1277 1381 1296 cum
1396 1268 1561 1304 Babyloniis,
1573 1270 1620 1304 qui
1633 1274 1712 1296 erant

929 1316 1030 1342 mortui
1044 1315 1172 1348 justitite;
1188 1315 1283 1342 ducem
1305 1316 1376 1342 enim
1399 1323 1453 1342 non
1472 1315 1607 1342 habebant
1631 1316 1658 1342 in
1681 1323 1711 1343 sc

930 1360 1060 1395 Spiritum
1083 1361 1260 1395 paracletum.
1285 1359 1415 1394 Spiritum
1442 1361 1573 1393 veritatis,
1596 1361 1643 1396 qui
1669 1365 1711 1388 est

928 1406 983 1433 vita
1000 1411 1027 1432 et
1040 1406 1158 1433 viviticat
1171 1415 1177 1433 :
1196 1406 1313 1433 viventes
1327 1406 1426 1433 mortui
1441 1410 1514 1433 sunt.

961 1451 1006 1478 20.
1023 1450 1098 1478 Unde
1112 1455 1139 1478 et
1152 1450 1252 1479 Paulus
1266 1451 1300 1478 de
1313 1452 1412 1479 talibus
1428 1451 1522 1479 scribit
1539 1461 1545 1478 :
1565 1451 1636 1478 Nam
1653 1460 1710 1487 qute

930 1499 957 1526 in
974 1499 1075 1526 deliciis
1090 1500 1145 1534 agit
1160 1499 1250 1531 vidua,
1272 1500 1356 1526 vivens
1370 1504 1474 1526 mortua
1489 1505 1526 1527 est
1538 1500 1569 1526 ³⁷.
1585 1500 1619 1527 Et
1634 1501 1711 1528 Salo—

930 1551 992 1571 mon
1009 1544 1108 1571 clamat
1124 1553 1131 1571 :
1149 1544 1201 1577 Qui
1215 1544 1242 1570 in
1258 1544 1361 1571 deliciis
1377 1549 1554 1576 conversatur,
1570 1553 1586 1571 a
1597 1546 1711 1579 pueritia

929 1599 1016 1618 servus
1040 1592 1102 1622 erit,
1119 1591 1147 1617 in
1166 1591 1306 1618 novissimo
1330 1599 1388 1618 vero
1398 1591 1500 1618 dolebit
1520 1592 1547 1618 in
1567 1600 1594 1618 se
1605 1591 1638 1618 ³⁸.
1658 1591 1711 1624 Qui

928 1637 1000 1664 enim
1017 1637 1044 1663 in
1058 1636 1158 1671 peccati
1173 1636 1276 1664 deliciis
1294 1641 1388 1672 agunt.
1404 1644 1457 1664 nou
1470 1637 1583 1664 audiunt
1595 1636 1710 1665 Paulum

929 1683 1090 1710 scribentem
1107 1693 1113 1710 :
1128 1682 1188 1710 Non
1204 1684 1272 1710 enim
1288 1683 1423 1718 accepistis
1443 1684 1566 1717 spiritum
1578 1683 1710 1710 servitutis

928 1729 1022 1755 iterum
1038 1728 1066 1754 in
1079 1728 1182 1762 timore,
1202 1729 1246 1756 sed
1268 1729 1403 1763 accepistis
1418 1728 1547 1764 Spiritum
1562 1729 1710 1764 adoptionis

928 1773 1055 1808 ﬁliorum,
1071 1774 1097 1799 in
1109 1781 1158 1808 quo
1172 1773 1327 1805 clamamus,
1341 1774 1425 1807 Abba,
1440 1775 1520 1801 Pater
1532 1775 1564 1802 ³⁹.
1581 1773 1635 1801 Sed
1648 1783 1710 1802 cum

929 1819 984 1846 sint
1008 1819 1055 1846 lilii
1079 1820 1194 1854 peccati,
1216 1821 1316 1847 mortui
1340 1825 1405 1848 sunt
1426 1820 1548 1855 justitim.
1572 1820 1623 1853 Qui
1647 1829 1711 1848 vero

929 1863 1047 1899 Spiritus
1061 1864 1147 1891 sancti
1170 1864 1271 1892 donum
1289 1869 1453 1899 acceperunt.
1467 1874 1473 1891 :
1488 1864 1543 1892 Lex
1563 1866 1632 1892 enim
1647 1865 1710 1900 Spi-

929 1910 995 1936 ritus
1009 1909 1069 1936 vitcc
1081 1910 1108 1936 in
1123 1908 1227 1937 Christo
1241 1909 1315 1942 Jesu,
1328 1910 1447 1937 liberavit
1464 1918 1503 1937 me
1517 1918 1533 1936 α
1547 1910 1600 1946 lege
1611 1911 1711 1945 peccati

929 1959 953 1981 et
971 1955 1062 1981 mortis
1077 1954 1109 1981 ⁸ο.
1123 1954 1195 1982 Bene
1211 1955 1302 1990 itaque
1320 1955 1409 1984 Moses
1422 1956 1575 1983 observavit
1596 1962 1626 1984 ut
1638 1957 1711 1985 dice-

929 2005 970 2027 ret
983 2008 990 2026 :
1013 2000 1106 2036 Itaque
1122 2002 1232 2036 spiravit
1247 2002 1375 2029 Dominus
1397 2002 1424 2029 in
1441 2002 1533 2037 faciem
1547 2002 1611 2030 Adw
1624 2003 1712 2037 spira-

930 2046 1026 2072 tionem
1048 2046 1118 2078 vitae,
1135 2051 1159 2073 et
1182 2047 1268 2081 factus
1283 2051 1321 2073 est
1343 2047 1419 2074 homo
1442 2047 1470 2073 in
1492 2047 1607 2073 animum
1623 2047 1710 2073 viren-

930 2095 981 2118 tem
1003 2091 1035 2118 δι.
1050 2091 1102 2125 Qui
1122 2092 1194 2119 enim
1216 2099 1269 2120 non
1292 2092 1392 2120 habent
1417 2091 1549 2127 Spiritum
1574 2096 1710 2124 sanctum,

929 2137 1049 2165 viventes
1070 2139 1170 2165 mortui
1187 2143 1261 2167 sunt.
1284 2137 1361 2165 Unde
1382 2142 1409 2166 et.
1429 2139 1463 2166 ad
1486 2137 1568 2166 Israel
1582 2138 1711 2165 derelicto

90 2179 288 2220 superveniente
309 2193 386 2219 super
406 2193 450 2211 vos
467 2184 569 2219 Spiritu
585 2189 674 2212 sancto
693 2185 727 2212 9‘.
740 2183 797 2212 Hoc
810 2193 877 2220 quo-
892 2188 915 2216 D
929 2183 1054 2216 Domino,
1069 2185 1115 2219 qui
1135 2185 1171 2212 sit
1186 2184 1246 2212 fons
1260 2184 1322 2212 vita:
1335 2185 1493 2218 viviﬁcans,
1509 2184 1593 2212 dicit:
1610 2183 1712 2210 Dereli-

94 2238 149 2267 que
164 2231 304 2266 impletum
327 2239 388 2259 esse
409 2231 604 2266 comperimus,
621 2231 672 2259 sub
686 2231 730 2258 die
743 2231 877 2265 quinqua-

96 2277 207 2312 gesimae
230 2281 434 2304 consummatae.
450 2277 505 2303 Aut
525 2284 589 2312 ergo
609 2277 736 2304 virtutem
751 2276 798 2303 Dei
816 2275 877 2311 Spi-

96 2323 184 2354 ritum
192 2327 314 2350 sanctum
328 2330 389 2351 esse
403 2323 577 2358 proﬁtemini,
591 2327 638 2350 aut
657 2323 728 2350 sicut
743 2323 876 2351 Sabellius

94 2369 276 2403 Paracletum,
298 2377 361 2397 cum
380 2369 416 2396 sit
435 2369 522 2396 virtus
545 2368 608 2401 Dei,
632 2369 757 2396 eumdem
778 2369 876 2396 Filium

95 2415 144 2442 Dei
166 2423 226 2443 esse
242 2416 386 2450 praedicate
408 2415 476 2450 ('50),
494 2419 520 2442 et
536 2415 627 2442 audite
647 2414 762 2442 Paulum
784 2415 876 2443 dicen-

95 2466 150 2489 tem
169 2460 303 2496 :Spiritus
323 2462 383 2488 vita:
400 2466 505 2495 propter
524 2460 657 2495 justitiam
674 2461 745 2488 ⁸¹-³¹.
763 2461 876 2489 Fontem

95 2508 195 2541 iterum
210 2507 327 2542 Spiritus
346 2507 508 2535 instruimur
529 2515 591 2535 esse
608 2507 717 2535 Filium.
731 2507 876 2535 Jeremiam

929 2230 1022 2265 quistis
1035 2230 1133 2265 fontem
1147 2231 1301 2265 sapientice;
1313 2231 1382 2258 uiam
1400 2230 1505 2257 Domini
1524 2231 1547 2257 si
1563 2230 1656 2265 fuisses
1670 2230 1711 2256 in-

929 2283 1043 2311 gressus,
1069 2277 1157 2312 utique
1179 2277 1310 2304 habitm‘es
1334 2277 1360 2304 in
1375 2285 1436 2312 pace
1460 2277 1488 2303 in
1503 2281 1629 2303 internum
1644 2280 1709 2302 tent—

929 2331 977 2357 pus
998 2323 1031 2351 δ’.
1054 2323 1199 2351 Audientes
1219 2331 1283 2358 ergo
1307 2323 1452 2351 Dominum
1468 2323 1600 2351 dicentem
1621 2332 1627 2350 :
1652 2322 1708 2357 Ego

929 2377 987 2396 sum
1000 2370 1043 2396 uia
1057 2369 1090 2402 “,
1101 2369 1173 2397 docti
1190 2370 1271 2397 etiam
1282 2377 1316 2397 ex
1331 2369 1479 2404 Scripturis
1493 2369 1595 2397 sanctis
1609 2368 1710 2396 fontem

931 2417 1062 2452 Spiritum
1085 2424 1145 2444 esse
1166 2416 1263 2449 Deum,
1280 2417 1326 2451 qui
1348 2416 1414 2443 dicit
1433 2424 1440 2442 :
1465 2415 1507 2442 Me
1519 2414 1711 2450 dereliquerunt

929 2463 1026 2498 fontem
1041 2470 1116 2498 aqum
1139 2463 1201 2490 victe
1213 2462 1245 2493 ⁸³,
1263 2469 1434 2497 nequaquam
1450 2465 1603 2488 creaturam
1626 2459 1712 2495 Spiri-

930 2513 987 2536 tum
1011 2512 1135 2536 sanctum
1162 2506 1321 2542 sapiamus,
1346 2506 1394 2534 sed
1416 2505 1538 2540 ejusdem
1564 2511 1625 2531 esse
1649 2511 1710 2531 cum

130 2590 153 2605 "
167 2588 223 2617 Jcr.
237 2596 272 2617 It.
289 2589 333 2616 15.
370 2588 392 2604 τί
410 2587 488 2615 Joan.
503 2594 539 2620 tv,
551 2587 593 2613 I0.
631 2588 653 2603 ⁷³
666 2587 730 2615 ibid.
745 2588 788 2616 I5.
826 2588 849 2604 ⁷³
861 2588 938 2616 Joan.
952 2595 1001 2620 vit,
1013 2588 1058 2616 58.
1095 2589 1118 2604 ⁷⁵
1129 2587 1195 2615 ibid.
1213 2587 1256 2614 59.
1294 2588 1317 2603 ⁷⁵
1328 2586 1380 2613 Isa.
1396 2592 1468 2620 xciv,
1481 2583 1539 2620 5-4.
1561 2583 1599 2620 7"
1611 2583 1710 2620 εἰει-θη).

94 2624 184 2656 ",15.
233 2624 254 2639 ⁷⁷
267 2623 338 2650 Psal.
369 2631 452 2655 xxxv,
473 2621 516 2649 10.
562 2622 585 2638 ⁷⁸
600 2620 678 2649 Rom.
700 2631 758 2654 vm,
774 2622 817 2650 I0.

93 2660 153 2679 ιιι*
168 2658 315 2692 Rom.vnr,
331 2658 358 2685 2.

93 2694 117 2711 ³⁷
135 2694 144 2720 I
162 2693 233 2723 Tim.
249 2701 276 2726 ν,
289 2690 316 2720 6.
368 2692 391 2709 ³⁸
405 2692 486 2720 Prov.
501 2700 577 2721 xxix.
594 2690 639 2719 Ἦ.

96 2728 120 2751 ⁸³
131 2729 210 2757 Joau.
223 2737 278 2762 xlv,
294 2729 321 2756 6.
359 2728 382 2744 “
394 2727 493 2756 Jerem.
512 2735 542 2759 tr,
556 2727 600 2754 IZ.

233 2624 254 2639 ⁷⁷
267 2623 338 2650 Psal.
369 2631 452 2655 xxxv,
473 2621 516 2649 10.

866 2624 888 2640 ⁷⁹
903 2624 975 2652 Psal.
998 2632 1079 2653 xxxv.
1097 2623 1141 2650 I0.

402 2658 424 2673 “
438 2657 490 2685 Isa.
506 2665 545 2688 xt,
562 2656 590 2684 2.
628 2657 651 2674 ³³
662 2657 761 2694 Ephes.
778 2660 800 2689 ιζ
814 2658 905 2685 16-17.
943 2659 965 2676 ³⁵
978 2659 1082 2686 Baruch
1096 2666 1135 2689 ut,
1148 2658 1192 2686 12.

402 2692 486 2728 Prov.
501 2690 639 2728 xxthQi.
695 2694 717 2710 "
730 2693 808 2722 Rom.
827 2701 887 2728 vtn,
903 2694 947 2722 I5.
1000 2694 1023 2710 ⁴⁰
1040 2694 1104 2721 ibid.
1118 2694 1145 2720 2.

1519 2619 1540 2634 ⁸¹
1553 2619 1612 2646 Act.
1638 2626 1656 2650 ι,
1682 2617 1709 2644 8.

1240 2658 1262 2673 "
1277 2657 1342 2684 ibid.
1360 2655 1448 2682 10-15.
1487 2654 1509 2669 ³⁸
1521 2653 1598 2681 Joan.
1611 2661 1668 2683 xrv,
1682 2652 1710 2679 6.

1204 2692 1225 2708 “
1239 2692 1304 2720 Gen.
1321 2700 1351 2726 It,
1365 2692 1392 2718 7.
1449 2689 1471 2705 δ’
1484 2688 1589 2717 Baruch
1611 2696 1651 2721 III,
1665 2687 1710 2716 15.

1190 2623 1212 2638 ⁸⁰
1229 2623 1295 2649 Luc.
1323 2629 1397 2650 xxtv.
1423 2619 1467 2646 49.

1000 2694 1023 2710 ⁴⁰
1040 2694 1104 2721 ibid.
1118 2694 1145 2720 2.

131 2809 189 2847 (30)
206 2808 267 2837 llaec
283 2808 418 2837 habentur
430 2808 456 2836 in
471 2808 539 2836 libro
556 2811 648 2836 untra
660 2807 784 2843 Arianos,
796 2814 856 2843 pag.
871 2806 932 2841 701,
948 2813 1023 2835 num.
1039 2806 1056 2834 9
1068 2810 1094 2839 et
1107 2805 1149 2840 10,
1163 2813 1215 2834 non
1236 2805 1352 2840 multum
1368 2804 1484 2836 diversa.
