1939 3041
231 91 302 120 1215

534 93 564 120 S.
585 92 773 120 ATHANASII
793 93 868 121 OPP.
891 93 981 121 PARS
1000 93 1019 120 Ι.
1039 109 1074 114 -
1091 93 1277 124 HISTORICA
1297 95 1341 123 ET
1366 95 1574 124 DOGMATICA.

1788 98 1859 126 1216

231 154 312 181 Patrc
327 157 354 180 et
370 152 439 180 I-‘ilio
451 152 608 180 substantia:
622 153 718 180 iterum
734 160 767 180 ex
791 153 939 188 Scripturis
952 161 1016 188 pro-
1030 155 1052 183 Δ
1068 155 1131 189 ritu,
1146 157 1330 191 spirituatilms
1343 157 1496 191 spiritualia
1509 162 1690 192 comparantes
1706 165 1716 184 :
1730 159 1860 187 animalis

233 200 342 231 bamus.
360 200 433 227 sicut
457 199 583 233 superius
614 199 649 226 ab
676 199 746 226 lsaia
774 200 904 235 propheta
926 200 1020 228 docui-

234 254 307 274 mus.
321 245 422 274 Scribit
432 249 523 273 autem
536 245 581 272 ille
594 253 710 281 magnus
724 245 843 274 Joannes
855 247 1019 282 evangelista

234 293 261 319 lu
276 291 450 326 Apocalypsi,
466 292 523 319 haec
533 291 627 320 dicens
640 301 647 319 ε
661 291 696 318 Et
709 292 821 319 ostendit
835 293 899 320 mihi
911 293 1020 327 ﬂuvium

233 345 311 372 aqua:
332 338 405 369 viva,
419 337 562 364 candidum
575 337 652 372 quasi
672 336 793 372 glaciem,
813 339 985 372 egredientem
1003 346 1020 365 α

234 384 294 411 sede
320 383 369 410 Dei
384 388 408 410 et
426 383 512 418 Agni,
527 383 651 418 ﬂuentem
664 391 710 418 per
731 384 846 411 medium
867 383 961 418 platea:
985 383 1018 411 “.

235 429 348 457 Dicebat
365 436 431 457 vero
450 437 575 464 supernas
591 429 754 462 Jerusalem,
767 430 801 457 de
816 438 870 465 qua
887 430 1019 465 scriptum

234 479 277 503 est
291 476 319 502 in
330 474 465 503 Psalmis:
481 474 614 503 Fluminis
630 477 741 511 impetus
756 476 875 511 leti/ient
888 476 1020 503 ciuitatem

235 522 285 549 Dei
300 523 332 548 “.
346 521 423 555 Quod
436 522 460 550 si
482 522 612 556 dixerint,
632 523 697 558 quid
721 530 786 558 ergo
802 523 866 557 quia
888 522 1019 557 scriptum

235 572 278 596 est
302 567 390 602 aqua?
412 567 534 595 audiant.
556 566 585 594 In
601 568 665 595 sede
687 567 733 595 Dei
751 572 778 595 et
798 567 866 602 Agni
887 575 957 602 aqua
978 571 1021 596 est

234 615 297 642 viva
308 615 380 645 vitae,
396 618 424 641 et
436 621 499 641 cum
514 621 591 648 aqua:
604 614 663 649 ejus
676 621 788 648 capaces
803 614 886 649 aliqui
897 613 1019 642 etiiciun-

235 664 289 691 tur.
308 664 335 687 et
349 659 462 687 ﬂumina
483 659 619 691 dicuntur,
642 663 668 687 et
684 660 711 686 in
735 659 851 694 singulis
867 659 1021 693 quibusque

236 704 376 738 adimpleri
397 704 498 731 dicitur
514 703 630 739 Spiritus
649 708 759 732 sanctus
775 710 783 730 :
799 704 870 731 sicut
888 708 915 731 et
935 703 1021 731 Filius

236 749 285 778 Dei
299 749 464 784 adimpletur
477 749 504 776 in
520 749 646 784 singulis,
665 749 814 783 secundum
828 748 942 776 Paulum
957 748 1022 776 scri-

236 796 345 823 bentem
363 805 370 822 :
385 795 528 822 Plenitudo
543 795 611 829 ejus,
625 795 671 830 qui
688 795 776 822 omnia
795 796 822 822 in
837 794 957 822 omnibus
972 794 1020 821 ad-

235 842 327 877 implet
340 842 373 868 ".
387 841 422 869 Et
439 846 481 869 est
499 842 609 876 quidem
622 863 629 875 ,
654 841 764 876 quando
779 841 797 868 ii
812 841 860 876 qui
876 841 1022 876 implentur

237 888 290 916 ista
308 894 379 923 aqua
393 888 464 920 viva,
480 887 591 915 ﬂumina
605 887 785 922 appellantur,
807 887 879 915 sicut
892 891 920 914 et
937 886 1021 914 David

236 934 264 961 in
282 941 335 962 seu
348 934 452 968 psalmo
466 933 553 960 dicit:
570 932 742 960 Elevaverunt
752 933 874 967 ﬂumina,
892 931 1020 963 Domine,

236 988 324 1008 uocem
336 987 423 1011 suum,
437 987 453 1006 a
466 987 526 1006 voce
540 987 670 1014 aquarum
686 978 831 1006 multarum
849 977 881 1005 ⁵⁸.
894 977 943 1005 Est
958 984 1022 1005 vero

236 1026 346 1061 quando
368 1025 481 1053 verbum
507 1025 656 1058 doctrinae,
672 1029 700 1052 et
716 1032 886 1060 unaquaque
901 1023 1023 1059 operatio

237 1073 371 1108 spiritus,
397 1072 508 1099 ﬂumina
533 1075 678 1103 vocantur,
703 1071 854 1099 secundum
877 1070 1023 1098 Dominum

235 1120 371 1147 dicentem
386 1126 393 1144 :
410 1118 463 1151 Qui
485 1117 568 1145 credit
589 1118 618 1144 in
632 1125 672 1144 me
683 1138 691 1151 ,
706 1118 773 1144 sicut
789 1117 857 1144 dixit
873 1116 1022 1151 Scriptura,

236 1165 349 1200 ﬂumina
361 1164 393 1191 de
403 1168 489 1191 uentre
504 1163 560 1197 ejus
575 1163 656 1198 ﬂuent
671 1171 746 1198 aqua
762 1163 826 1190 victe
837 1163 870 1190 ".
884 1162 955 1199 Ergo
968 1170 1023 1191 non

236 1212 317 1245 dixit,
334 1219 405 1246 aqua
419 1210 528 1246 impleta
541 1215 593 1242 est,
607 1218 677 1244 aqua
688 1210 760 1237 enim
774 1209 893 1244 Spiritus
903 1209 958 1236 vita
968 1213 1022 1241 est,

237 1261 265 1284 ct
282 1257 379 1292 ﬂumen
403 1255 452 1283 Dei
470 1255 605 1290 impletum
619 1259 657 1283 est
676 1255 752 1290 aquis
772 1255 806 1281 ⁸⁸.
821 1254 854 1282 Et
868 1254 998 1282 Dominus
1013 1263 1021 1281 :

239 1303 293 1338 Me,
307 1304 404 1339 inquit,
421 1304 614 1338 dereliquerunt
633 1302 731 1337 fontem
749 1309 825 1337 aqute
839 1301 903 1329 vim
917 1301 950 1327 ¹¹.
972 1299 1024 1328 Ita-

238 1357 292 1383 que
307 1349 428 1385 ejusdem
443 1348 515 1376 sedis
527 1352 570 1376 est
584 1356 646 1375 cum
662 1347 718 1375 Deo
735 1352 762 1374 et
776 1347 869 1382 Agno,
884 1347 938 1374 vita
951 1346 1022 1379 Viue,

238 1396 266 1422 id
285 1399 338 1429 est,
362 1394 481 1430 Spiritus
498 1398 630 1427 sanctus,
648 1394 720 1422 sicut
740 1392 862 1421 Joannes
882 1400 935 1420 una
961 1399 1023 1420 cum

238 1441 309 1469 lsaia
326 1441 405 1472 dixit,
427 1444 455 1467 et
471 1447 526 1467 non
549 1447 660 1473 servus,
677 1447 727 1467 nec
741 1438 876 1471 minister,
892 1438 964 1466 sicut
976 1445 1024 1465 vos

238 1487 339 1516 dicitis.
352 1486 430 1520 Quod
443 1486 466 1514 si
481 1489 642 1521 permanent
659 1485 781 1513 dicentes
800 1488 921 1512 creatum
939 1482 1025 1518 Spiri-

239 1538 297 1560 tum
324 1536 460 1565 sanctum,
486 1536 513 1559 et
534 1530 673 1566 proferent
698 1530 764 1558 illud
788 1530 862 1566 quod
888 1529 915 1557 iu
942 1529 1025 1557 Amos

239 1579 370 1614 propheta
386 1577 516 1613 scriptum
540 1582 583 1606 est
598 1585 604 1603 :
622 1577 752 1612 Purpura
774 1581 798 1603 te
808 1596 815 1609 ,
836 1576 927 1602 invoca
943 1574 1026 1601 Deum

241 1631 327 1657 tuum,
344 1624 441 1657 Israel,
452 1624 515 1659 quia
530 1631 576 1659 ego
591 1624 702 1658 firmans
724 1623 881 1653 tonitruum,
896 1626 921 1648 et
934 1628 1026 1647 creans

240 1672 374 1706 spiritum,
388 1676 413 1698 et
425 1671 585 1698 annuntians
597 1668 745 1696 hominibus
757 1667 892 1695 Christum
904 1674 980 1693 suum
991 1665 1024 1698 ",

241 1719 353 1750 audiant
368 1727 423 1746 non
438 1719 475 1746 'de
491 1717 593 1752 Spiritu
617 1721 712 1744 sancto
733 1716 785 1742 hoc
803 1714 905 1741 dixisse
929 1713 1026 1740 Filium

241 1766 305 1797 Dei,
331 1766 378 1794 sed
395 1765 428 1793 de
445 1764 541 1799 spiritu
558 1762 631 1790 venti
654 1761 701 1797 qui
724 1761 876 1788 tonitruum
894 1759 1025 1794 sequitur.

241 1814 336 1849 Neque
349 1812 423 1840 enim
437 1810 565 1846 praecedit
582 1808 713 1844 Spiritum
728 1811 851 1834 sanctum
864 1806 1026 1835 tonitruum.

199 1862 205 1869 '
242 1861 290 1889 sed
318 1857 445 1895 praecedit
470 1855 595 1891 spiritum
624 1853 714 1886 venti,
737 1860 817 1887 quem
843 1858 936 1879 creare
961 1850 1029 1878 dixit

241 1910 305 1942 post
318 1905 469 1933 tonitruum
492 1901 631 1929 Dominus.
647 1899 774 1934 Alioquin
791 1897 895 1929 dicant,
912 1904 946 1924 an
966 1900 1028 1923 ante

243 1953 376 1988 Spiritum
399 1954 524 1978 sanctum
544 1951 648 1976 crearet
666 1947 827 1974 tonitruum.
846 1943 874 1971 Si
897 1951 961 1972 vero
977 1943 1030 1971 hoc

243 1999 356 2035 impium
370 2001 412 2026 est
423 1996 524 2028 dicere,
539 1994 707 2027 expellantur
727 1999 840 2028 prorsus
859 1991 906 2026 qui
923 1990 1028 2024 dicunt,

244 2050 366 2073 creatum
387 2050 450 2071 esse
473 2041 604 2077 Spiritum
622 2044 758 2070 sanctum,
776 2037 905 2073 quoniam
923 2044 973 2064 nec
997 2036 1031 2064 de

243 2093 333 2127 prima
356 2090 503 2122 creatione,
524 2095 585 2123 quae
608 2095 624 2114 a
649 2085 718 2113 Filio
744 2084 791 2112 Dei
818 2085 853 2112 sit
871 2087 972 2115 creata,
988 2087 1030 2110 ta-

243 2137 331 2165 cuerit
355 2135 495 2170 Scriptura
514 2142 520 2159 :
545 2134 586 2160 sic
606 2130 678 2159 enim
700 2130 766 2158 dicit
788 2129 835 2164 qui
858 2129 977 2163 loquitur
997 2127 1030 2154 ad

1070 207 1158 228 autem
1170 202 1247 229 homo
1262 211 1314 229 non
1330 202 1440 237 percipit
1453 210 1494 235 ea,
1512 211 1570 237 qute
1584 208 1645 230 sunt
1660 203 1777 238 Spiritus
1797 204 1860 238 Dei;

1070 247 1184 274 stultitia
1196 252 1235 274 est
1253 248 1321 274 enim
1332 248 1376 280 rei,
1391 252 1416 274 et
1437 256 1489 275 non
1511 253 1594 282 potest
1608 249 1685 281 scire,
1698 250 1760 284 quia
1778 251 1862 284 spiri-

1071 294 1182 321 tualiter
1211 294 1395 329 dijudicatur,‘
1410 294 1559 329 spiritualis
1576 303 1635 323 vero
1654 295 1786 330 dijudicat
1802 305 1861 323 on-

1069 340 1129 372 nia,
1155 340 1210 375 ipse
1234 345 1323 367 autem
1346 349 1363 367 a
1386 341 1488 367 nemine
1507 340 1697 375 dijudicatur‘:
1711 341 1769 376 quis
1790 349 1861 369 eum

1070 386 1141 412 novit
1165 394 1268 413 sensum
1282 386 1401 420 Domini,
1423 387 1468 421 qui
1491 386 1606 413 instruat
1627 388 1708 414 eum?
1726 386 1784 413 Nos
1801 395 1861 414 uero

1069 440 1173 460 sensum
1196 432 1295 461 Christi
1309 432 1432 460 habemus
1447 433 1480 460 ".
1497 432 1550 461 lsle
1564 433 1646 468 igitur
1660 433 1779 467 Spiritus
1795 440 1862 461 san-

1069 483 1131 506 ctus
1154 486 1216 506 cum
1238 479 1275 506 sit
1291 486 1389 506 sensus
1404 478 1522 511 Domini,
1546 478 1572 506 in
1589 479 1697 513 propria
1713 479 1778 506 vita?
1793 479 1858 506 sub-

1070 524 1169 551 stantia
1184 524 1329 557 cxsistcns,
1342 524 1412 552 sicut
1433 523 1589 559 frequenter
1602 523 1765 556 didicimus,
1785 523 1864 551 novit

1070 569 1173 601 omnia,
1182 569 1263 604 783
1275 577 1336 605 quae
1347 574 1411 597 sunt
1421 568 1478 604 Dei,
1492 570 1562 597 sicut
1572 569 1684 604 spiritus
1695 574 1791 597 noster
1800 577 1863 605 quae

1070 620 1163 642 nostra
1178 620 1251 643 sunt.

1104 660 1149 688 21.
1169 660 1290 696 Denique
1314 665 1342 688 et
1367 660 1467 689 Paulus
1485 661 1524 688 ait
1543 668 1549 687 :
1576 660 1660 687 Nobis
1681 665 1772 688 autem
1792 668 1858 688 rm

1071 707 1136 735 lauit
1151 707 1222 735 Deus
1233 716 1280 743 per
1292 707 1420 742 Spiritum
1435 716 1513 735 suum
1526 716 1535 735 :
1548 706 1664 742 Spiritus
1680 707 1751 734 enim
1771 707 1861 733 omnis

1071 758 1219 787 scrutatur,
1241 755 1321 781 etiam
1345 754 1506 789 profundum
1527 753 1587 780 Dei.
1604 753 1670 786 Quis
1691 753 1762 780 enim
1785 753 1859 779 hami

1072 800 1143 826 novit
1155 808 1214 835 qua:
1235 804 1295 827 sunt
1317 800 1440 833 hominis,
1454 800 1505 826 nisi
1517 799 1626 834 spiritus
1642 799 1757 825 hominis
1773 799 1822 833 qui
1838 798 1861 824 ir.

1072 846 1129 881 ipso
1140 847 1199 873 est?
1211 847 1249 873 sic
1261 850 1289 873 et
1300 854 1359 881 quae
1380 850 1440 873 sunt
1460 845 1509 873 Dei
1527 853 1601 872 nemo
1613 845 1694 877 novit,
1710 845 1764 871 nisi
1778 843 1862 878 Spiri-

1073 897 1114 919 tus
1130 892 1176 919 Dei
1188 900 1197 919 :
1210 900 1257 919 nos
1271 900 1331 919 vero
1350 900 1401 919 non
1422 892 1546 927 spiritum
1560 891 1638 926 hujus
1651 890 1743 917 mundi
1760 889 1860 923 accepi-

1072 946 1141 971 mus,
1156 938 1201 965 sed
1213 937 1342 972 Spiritum
1355 938 1400 973 qui
1412 945 1443 965 ea:
1457 937 1509 964 Deo
1523 941 1573 969 est,
1587 942 1616 964 ut
1633 936 1749 964 sciamus
1771 943 1833 971 qua
1849 943 1863 962 α

1064 982 1127 1024 Deo
1148 983 1247 1010 donata
1261 987 1322 1010 sunt
1338 983 1423 1016 nobis,
1440 991 1498 1018 qua:
1515 988 1539 1010 et
1556 982 1698 1018 loquimur,
1721 989 1776 1008 non
1793 981 1864 1008 docti

1073 1029 1194 1057 humanis
1207 1029 1345 1064 sapientia:
1357 1029 1457 1061 verbis;
1473 1029 1518 1056 sed
1542 1029 1614 1056 docti
1628 1028 1660 1055 ab
1676 1027 1795 1062 Spiritu,
1812 1027 1864 1061 spi-

1073 1075 1196 1102 ritalibus
1218 1075 1353 1110 spiritalia
1373 1079 1554 1110 comparantes
1566 1075 1600 1106 “,
1611 1078 1663 1102 etc.
1678 1073 1763 1102 Istum
1780 1072 1863 1108 Spiri-

1075 1125 1130 1148 tum
1157 1126 1280 1149 sanctum
1296 1121 1379 1149 etiam
1399 1121 1514 1155 digitum
1539 1119 1585 1148 Dei
1609 1127 1669 1147 esse
1691 1119 1804 1150 docuit,
1824 1126 1863 1145 se-

1073 1167 1192 1195 cundum
1219 1167 1373 1194 Matthiettm
1397 1167 1508 1202 quidem
1531 1166 1646 1194 dicens:
1667 1165 1697 1193 Si
1719 1170 1811 1192 autem
1838 1165 1862 1191 in

1074 1213 1177 1248 Spiritu
1200 1213 1248 1240 Dei
1268 1214 1345 1248 ejirio
1362 1213 1504 1245 dwmom'a,
1528 1212 1642 1247 pervenit
1659 1212 1688 1238 in
1709 1219 1754 1238 vos
1775 1211 1864 1245 utique

1073 1267 1181 1293 regnum
1204 1258 1253 1286 Dei
1268 1259 1301 1285 ⁸⁷.
1318 1258 1474 1286 Secundum
1496 1265 1561 1285 vero
1581 1257 1684 1284 Lucam
1702 1267 1709 1284 ξ
1726 1255 1758 1284 Si
1776 1261 1864 1283 autem

1072 1312 1119 1338 ego
1141 1304 1169 1330 in
1190 1304 1274 1339 digito
1298 1304 1347 1331 Dei
1368 1304 1447 1338 ejicio
1467 1303 1608 1335 daemonia,
1630 1303 1746 1338 pervenit
1765 1301 1803 1329 ad
1823 1310 1865 1330 vos

1074 1349 1163 1383 utique
1176 1357 1283 1384 regnum
1302 1349 1351 1376 Dei
1365 1349 1405 1383 ³⁸;
1423 1353 1560 1384 propterea
1577 1349 1636 1376 dico
1648 1348 1718 1376 vobis
1729 1349 1795 1383 quia
1810 1356 1864 1374 om-

1075 1395 1114 1422 nis
1130 1395 1291 1430 blasphemia
1310 1396 1458 1423 remittetur
1471 1396 1628 1429 hominibus,
1647 1396 1757 1430 spiritus
1776 1400 1864 1422 autem

1075 1440 1242 1476 blasphemia:
1260 1449 1312 1468 non
1336 1442 1483 1468 remittetur
1494 1442 1543 1469 eis.
1558 1441 1591 1467 Et
1605 1442 1750 1477 quicunque
1764 1440 1864 1468 dixerit

1038 1500 1060 1529 ο
1079 1489 1185 1516 uerbum
1200 1489 1228 1516 in
1243 1488 1267 1515 F
1269 1489 1345 1516 ilium
1358 1489 1482 1522 hominis,
1494 1489 1643 1516 remittetur
1655 1489 1679 1515 ei
1692 1496 1701 1514 :
1717 1488 1763 1522 qui
1779 1493 1864 1514 autem

1079 1535 1178 1562 dixerit
1198 1535 1226 1561 in
1248 1534 1378 1569 Spiritum
1391 1539 1522 1568 sanciunt,
1538 1543 1590 1561 non
1605 1534 1754 1561 remittetur
1770 1534 1806 1565 ei,
1823 1541 1864 1560 ne-

1078 1589 1127 1615 que
1137 1581 1189 1615 hic,
1201 1589 1282 1616 neque
1291 1581 1319 1608 in
1330 1581 1419 1616 futuro
1430 1581 1528 1608 seculo
1538 1581 1571 1607 η.
1583 1580 1636 1608 Per
1648 1580 1721 1608 hunc
1732 1579 1863 1615 Spiritum

1079 1631 1214 1661 sanctum,
1235 1634 1297 1653 cum
1316 1626 1352 1654 sit
1372 1626 1473 1662 digitus
1488 1627 1552 1659 Dei.
1567 1626 1676 1661 scripta:
1688 1631 1753 1654 sunt
1766 1626 1863 1654 tabula

1078 1673 1200 1708 lapideae,
1216 1680 1277 1708 quae
1290 1672 1359 1700 datae
1377 1672 1463 1708 Moysi
1482 1677 1562 1706 sunt,
1579 1673 1685 1708 scripta:
1699 1672 1786 1708 digito
1804 1672 1860 1706 Dei,

1077 1718 1148 1747 sicut
1159 1717 1216 1753 ipse
1228 1717 1333 1753 Moyses
1343 1717 1477 1752 exposuit.
1491 1717 1617 1752 Alioquin
1629 1717 1652 1745 si
1665 1724 1718 1744 non
1731 1715 1860 1751 Spiritum

1077 1768 1202 1790 sanctum
1221 1763 1335 1798 digitum
1352 1762 1398 1790 Dei
1415 1770 1476 1790 esse
1495 1762 1598 1793 dicunt,
1614 1760 1722 1788 tabulas
1739 1760 1812 1787 enim
1825 1759 1862 1785 la-

1078 1809 1172 1844 pideas
1189 1809 1364 1844 gloriOsinres
1377 1808 1465 1844 magis
1479 1815 1539 1835 esse
1554 1814 1636 1842 quam
1657 1805 1741 1834 corda
1756 1810 1861 1833 sancto-

1077 1862 1138 1882 rum
1161 1855 1369 1890 proﬁtcbuntur,
1392 1861 1475 1889 super
1491 1861 1552 1889 quae
1569 1852 1682 1888 epistola
1698 1851 1802 1879 Christi
1823 1854 1862 1877 est

1078 1901 1177 1935 scripta
1193 1909 1248 1928 nou
1261 1905 1424 1934 atramento,
1439 1899 1487 1927 sed
1506 1899 1608 1934 Spiritu
1626 1898 1673 1925 Dci
1686 1898 1752 1930 vivi,
1768 1905 1821 1924 non
1836 1897 1861 1923 in

1079 1946 1178 1974 tabulis
1200 1946 1328 1981 lapideis.
1347 1946 1395 1974 sed
1412 1946 1440 1973 in
1461 1945 1560 1974 tabulis
1585 1945 1676 1973 cordis
1699 1943 1860 1972 carnalibus.

1079 1991 1157 2019 lluuc
1174 1991 1306 2027 Spiritum
1326 1995 1450 2019 sanciunt
1462 1996 1514 2023 ,.et
1529 1991 1621 2018 lumen
1635 1990 1727 2018 vultus
1742 1989 1790 2017 Dei
1806 1994 1861 2015 esse

1079 2036 1227 2069 credimus,
1240 2036 1390 2064 secundum
1406 2035 1490 2063 David
1503 2035 1531 2062 in
1543 2040 1641 2071 quarto
1655 2035 1761 2070 psalmo
1773 2034 1861 2061 dicen~

1081 2087 1134 2109 tem
1150 2091 1158 2110 ς
1172 2081 1310 2118 Signatum
1323 2087 1363 2110 est
1382 2090 1461 2117 super
1476 2091 1522 2109 nos
1544 2082 1632 2109 lumen
1646 2081 1732 2108 vultus
1745 2081 1797 2113 tui,
1813 2079 1861 2107 Do-

1080 2129 1151 2156 mine
1166 2129 1198 2155 ".
1215 2128 1244 2156 in
1265 2129 1405 2156 tricesimo
1430 2136 1494 2156 vero
1517 2133 1544 2156 et
1566 2128 1662 2163 quinto
1685 2127 1793 2162 psalmo
1811 2135 1817 2153 :
1834 2125 1862 2153 ln

244 2181 296 2214 Job
315 2191 321 2209 :
337 2181 388 2209 Sed
403 2189 460 2208 ecce
479 2179 568 2207 bestii:
583 2177 653 2213 apud
673 2181 696 2203 te
709 2176 797 2211 fenum
814 2179 940 2209 tanquam
956 2174 1030 2200 boves
1046 2170 1068 2198 Ι)
1082 2174 1181 2201 lumine
1197 2178 1241 2201 tuo
1258 2174 1402 2201 uidebimus
1423 2174 1510 2201 lumen
1523 2174 1556 2201 ⁸⁸.
1575 2173 1609 2201 Et
1623 2174 1774 2201 secundum
1792 2173 1861 2200 Salo-

244 2229 331 2261 cdent,
342 2232 365 2254 et
380 2227 454 2261 vigor
471 2226 527 2260 ejus
540 2225 568 2252 in
581 2223 686 2256 lumbis,
700 2223 782 2249 virtus
794 2229 853 2248 vero
867 2221 893 2247 in
908 2219 1031 2246 umbilico

244 2274 341 2301 uentris
357 2272 423 2307 ejus.
446 2271 547 2299 Statuit
570 2270 681 2296 caudam
698 2268 766 2294 sicut
790 2274 934 2301 cypressus,
961 2265 1031 2292 nerui

244 2319 302 2354 ejus
316 2317 444 2352 complexi
457 2320 518 2344 sunt
527 2315 595 2342 sicut
610 2314 694 2349 funes,
709 2312 793 2339 latera
804 2311 858 2346 ejus
869 2311 936 2338 sicut
947 2311 1031 2337 latera

245 2373 326 2396 terea,
347 2368 372 2391 et
390 2363 498 2389 dorsum
519 2361 576 2395 ejus
589 2360 623 2394 ⁵³,
638 2364 690 2387 etc.
714 2357 770 2387 Hoc
787 2357 969 2385 testimonium
991 2356 1033 2384 fa-

245 2415 331 2439 cturae
348 2409 453 2437 Domini
467 2408 567 2436 factum
585 2406 618 2434 ad
634 2405 802 2433 illudendum
818 2403 932 2438 angelis.
945 2402 1036 2437 itaque

246 2457 372 2484 diabolus
394 2456 481 2491 prima
498 2453 599 2483 creatio
621 2459 682 2480 esse
697 2451 815 2485 scriptus
837 2453 880 2477 est
893 2448 984 2475 deludi
1001 2448 1036 2475 ab

247 2502 360 2537 angelis,
374 2502 414 2529 sic
426 2501 499 2529 cnim
513 2499 644 2534 scriptum
658 2502 700 2525 est
713 2506 720 2524 :
734 2496 844 2523 Initium
859 2495 968 2530 (acturae
979 2493 1033 2521 Do-

247 2549 329 2581 mini,
347 2549 447 2582 factum
464 2548 498 2575 ad
520 2545 684 2575 illudendum
706 2543 806 2578 angelis
818 2542 851 2570 ⁵⁸.
868 2541 925 2569 Nos
944 2546 1035 2568 autem

248 2603 359 2622 sensum
374 2594 475 2621 Christi
492 2592 622 2628 Spiritum
640 2597 700 2619 csse
718 2590 752 2617 de
772 2588 921 2623 Scripturis
935 2588 1036 2615 sanctis

249 2641 405 2675 didicimus,
423 2641 496 2668 sicut
508 2639 609 2666 Paulus
624 2637 733 2672 scripsit
751 2646 758 2663 :
775 2636 826 2664 Sed
841 2635 911 2662 docti
927 2635 959 2662 ab
973 2634 1037 2670 Spi-

284 2712 307 2727 “
318 2711 402 2746 Apoc.
419 2719 486 2743 xxn,
504 2709 557 2738 1-2.

270 2754 322 2778 ειν,
340 2744 383 2774 il).
421 2748 441 2762 '“
459 2745 557 2773 .lcrem.
573 2752 602 2777 tl,
616 2744 658 2771 15.

612 2710 636 2725 ⁵ο
648 2709 719 2737 Psal.
732 2717 793 2740 XLV,
807 2708 833 2736 5.
889 2708 911 2724 ‘7
928 2708 1011 2743 Ephes

616 2744 658 2771 15.
713 2744 736 2760 ³³
751 2745 834 2771 Amos
851 2751 887 2776 IV,
910 2743 1011 2775 12,13.

889 2708 911 2724 ⁸τ
928 2707 1026 2743 Ephes.
1042 2716 1060 2741 1,
1072 2707 1117 2734 25.
1156 2707 1179 2723 ⁸⁸
1200 2706 1269 2734 Psal.
1282 2698 1347 2739 xcn,
1363 2707 1434 2748 ὅτι,

910 2744 942 2758 Ιῦὶ
968 2743 1000 2758 ιτ
1065 2743 1088 2758 s3
1104 2742 1149 2758 Ir."
1161 2750 1187 2758 II
1224 2742 1301 2758 ‘lL‘K
1360 2742 1382 2758 Ιδ
1398 2743 1433 2758 nl“

270 2754 322 2778 ειν,
340 2742 383 2774 il).
421 2748 441 2762 '“
459 2745 557 2773 .lcrem.
573 2752 602 2777 ll,
616 2744 658 2771 15.
713 2744 736 2760 ³³
751 2745 834 2771 Amos
851 2751 887 2776 IV,
910 2742 1011 2775 12,13.
1065 2743 1088 2761 ⁸³
1098 2742 1149 2770 Job
1161 2750 1205 2774 XL,
1224 2742 1311 2769 10-15.
1360 2742 1382 2759 ⁸⁸
1398 2742 1464 2770 ibid.
1481 2742 1524 2769 14.
1580 2742 1601 2757 ⁵⁸

270 2791 273 2795 “
292 2783 357 2810 ibid.
372 2782 461 2809 10-15.
500 2781 521 2796 ⁸⁷
535 2780 627 2807 Matth.
647 2788 695 2811 xu,
714 2779 759 2806 ‘28.
798 2779 820 2794 "'
835 2778 900 2806 Luc.
918 2787 955 2811 XI,
970 2778 1016 2806 9.0.
1054 2779 1076 2795 "
1088 2778 1180 2806 Matth.
1200 2785 1250 2811 xu,
1264 2777 1308 2810 3i,
1329 2777 1373 2808 52.
1412 2778 1433 2794 ⁸⁰
1447 2777 1517 2806 Psal.
1537 2785 1562 2805 Iv
1592 2776 1618 2805 7.

253 2819 295 2851 10.
334 2818 355 2834 ⁶¹
373 2817 451 2845 Prov.
467 2825 512 2849 xx,
529 2816 574 2842 Ἦ.
611 2815 634 2831 ⁸³
652 2815 704 2844 lsa.
723 2823 749 2849 ι,
772 2814 814 2844 17.
853 2815 875 2830 ⁸·
891 2813 959 2844 Gen.
973 2822 1002 2847 ιι,
1016 2814 1041 2842 7.

1083 2227 1192 2248 monem
1208 2220 1236 2247 in
1253 2219 1406 2248 Proverbiis
1427 2220 1588 2248 scribentem
1605 2229 1612 2247 :
1627 2219 1686 2246 Lua:
1702 2219 1811 2246 Domini
1825 2219 1862 2245 in-

1083 2267 1193 2301 spiratio
1206 2270 1244 2294 est
1257 2267 1400 2301 hominum,
1413 2267 1457 2302 qui
1468 2271 1603 2294 scrutatur
1613 2266 1718 2293 interna
1731 2265 1863 2292 uentris".

1083 2313 1117 2340 Et
1132 2313 1229 2341 Isaiam
1244 2313 1377 2340 dicentem
1394 2321 1401 2339 :
1420 2313 1456 2340 Et
1476 2314 1526 2340 erit
1551 2313 1639 2340 lumen
1652 2312 1713 2339 huic
1736 2311 1824 2339 Israel
1841 2311 1864 2338 in

1084 2359 1184 2394 ignem,
1210 2363 1235 2386 et
1257 2359 1434 2393 sancti/icabit
1455 2367 1516 2386 eum
1535 2359 1593 2394 igne
1614 2358 1718 2385 ardenti
1738 2358 1771 2384 ⁸³.
1795 2358 1866 2385 lianc

1084 2403 1259 2438 spirationem
1276 2403 1336 2431 Filii
1352 2403 1400 2430 Dei
1417 2411 1478 2431 esse
1494 2403 1592 2430 divinae
1608 2403 1756 2438 Scriptura:
1771 2403 1864 2431 docue-

1084 2454 1165 2482 runt,
1189 2449 1338 2477 secundum
1364 2449 1537 2477 Salomonem
1562 2440 1672 2484 quidem
1703 2449 1836 2477 dicentem
1857 2457 1863 2475 :

1087 2495 1147 2523 Lux
1172 2495 1279 2522 Domini
1304 2496 1444 2530 inspiratio
1471 2501 1509 2522 est
1535 2495 1691 2528 hominum;
1720 2495 1864 2524 secundum

1085 2541 1204 2578 Moysem
1224 2551 1230 2569 :
1246 2541 1281 2569 Et
1300 2542 1410 2577 spiravit
1432 2541 1503 2569 Deus
1523 2542 1710 2576 spiramentum
1733 2541 1865 2578 [spiratio—

1087 2588 1157 2624 nem]
1168 2589 1239 2620 vitae.
1255 2592 1279 2615 et
1291 2588 1377 2623 factus
1389 2592 1426 2616 est
1441 2588 1516 2615 homo
1531 2589 1559 2615 in
1572 2589 1688 2615 animam
1700 2589 1823 2615 viventem
1833 2586 1863 2619 °‘,

1088 2640 1115 2663 et
1128 2634 1357 2670 quemadmodum
1380 2638 1476 2670 postea
1496 2640 1605 2662 creatus
1627 2638 1670 2662 est
1689 2634 1786 2667 Adam,
1800 2633 1864 2661 acci-

1482 2706 1504 2723 δ’
1516 2705 1594 2734 Joan.
1607 2713 1656 2738 vn,
1670 2705 1715 2732 58.
1759 2705 1783 2721 ⁸⁸
1796 2703 1862 2735 Psal.‘

1360 2742 1382 2759 "
1398 2742 1464 2770 ibid.
1481 2742 1524 2769 14.
1580 2741 1601 2757 ⁵⁸
1618 2741 1705 2769 lCor.
1726 2748 1754 2772 n.
1777 2740 1861 2767 15-16:

1360 2780 1373 2805 ε.
1412 2778 1433 2794 ⁸⁰
1447 2777 1517 2806 Psal.
1537 2785 1562 2805 Iv
1592 2776 1618 2805 7.
1666 2776 1687 2792 ἰ
1702 2775 1763 2804 Psal
1786 2781 1864 2807 sur."
