1939 3041
99 157 173 186 ’1217

592 159 636 187 DE
655 159 840 187 TRINITATE
861 159 903 188 ΕΤ
925 159 1058 188 SPIRITU
1083 159 1230 188 SANCTO.

1655 159 1726 187 1213

100 217 181 251 piens
197 216 321 251 spiritum
339 217 408 251 vitae,
422 221 450 245 et
471 217 558 245 factus
574 223 615 245 est
631 219 712 245 homo
725 219 752 245 in
768 219 885 246 animam
901 223 925 251 Α
937 227 995 254 qua
1012 226 1113 246 necesse
1127 223 1175 249 est,
1191 222 1220 244 ut
1235 218 1389 245 abstineam
1409 226 1453 245 vos
1474 217 1507 244 ab
1520 217 1686 253 idolothytis,
1700 221 1728 246 et

99 263 250 295 viventem,
271 268 298 291 et
319 264 422 292 habens
439 263 570 299 Spiritum
584 269 720 296 sanctum,
737 265 887 299 spiritualis

98 314 171 342 erat,
189 310 256 338 adeo
273 315 303 337 ut
317 315 344 337 et
359 311 544 345 prophetaret,
560 311 631 345 quod
649 311 732 346 hujus
748 312 786 339 rei
799 313 887 347 gratia

98 354 305 389 derelinqueret
321 355 403 382 homo
415 360 518 389 patrem
534 363 613 383 suum
627 360 653 383 et
668 361 782 384 matrem
796 365 885 390 suam,

98 405 130 428 et
142 401 292 428 adhaereret
306 401 385 428 uxori
400 409 464 433 suae.
478 406 505 429 et
514 406 606 430 essent
618 403 672 429 duo
686 402 712 429 in
724 410 805 431 carne
818 412 885 431 una:

101 454 211 474 necnon
235 451 262 474 et
288 447 360 475 illam
376 456 436 483 quae
461 454 568 484 sumpta
590 455 631 477 est
645 449 678 477 de
701 458 730 478 se
746 450 885 478 mulierem

99 497 212 520 vocaret
226 493 319 525 Evam,
338 495 492 529 prophetice‘
506 495 599 523 dicens
613 496 636 523 ei
651 506 656 523 :
674 495 737 523 Παῖς
750 502 787 523 est
804 503 887 524 mater

100 539 219 566 omnium
233 540 375 567 viventium
389 540 421 567 ⁸⁵.
435 540 523 568 Simili
541 542 621 569 modo
642 546 668 569 et
681 550 775 570 omnes
789 543 885 576 sancti,

101 584 132 612 in
148 585 258 612 nomine
276 585 380 618 Patris,
397 590 425 614 et
449 587 520 621 Filii,
541 592 568 614 et
589 587 706 622 Spiritus
727 589 823 621 sancti,
839 597 887 623 per

101 630 304 665 lmpositionem
318 639 447 659 manuum
463 632 611 660 sacerdotis
624 632 671 660 Dei
684 632 813 668 Spiritum
827 642 887 661 san-

101 680 178 703 ctum
194 677 332 703 censecuti
344 696 351 708 ,
373 677 406 704 ad
424 671 565 712 antiquum
581 678 772 710 restituuntur,
789 678 814 705 in
833 685 889 713 quo

99 727 181 749 erant
200 726 262 749 ante
279 723 527 757 praevaricationem
545 723 643 751 Adam.
666 723 699 751 Et
714 725 765 752 hoc
785 724 887 759 Spiritu

101 767 188 801 legem
215 767 295 794 dante
316 768 343 795 in
360 767 488 797 Ecclesiis
504 771 635 805 gentlum,
655 777 704 797 nos
725 777 813 804 neque
828 777 888 797 car-

102 820 166 839 nem
183 812 413 845 circumciditnus,
437 821 526 848 neque
548 815 692 842 carnaliter
704 814 788 850 legem
804 814 887 850 Moysi

101 858 281 887 custodimus.
304 858 371 886 Nam
387 867 449 887 cum
463 859 575 893 Paulus,
588 864 615 888 et
634 860 681 895 qui
697 868 758 887 cum
772 868 804 888 eo
821 868 888 896 prae—

939 266 1065 300 sanguine
1083 265 1210 298 suffocato
1223 285 1231 297 ,
1252 273 1269 290 a
1291 264 1384 299 quibus
1409 264 1583 291 custodientes
1605 271 1648 290 eos
1665 264 1728 291 bene

940 312 1032 346 agetis.
1054 311 1143 338 Valete
1156 311 1188 337 “.
1203 310 1310 338 Etcum
1332 310 1450 345 Spiritus
1473 315 1584 337 sanctus
1606 311 1728 344 promul-

940 362 1039 393 gasset,
1055 364 1150 385 omnes
1161 357 1289 385 Ecclesiae
1300 356 1401 384 Chrisli
1414 356 1572 383 custodiunt
1585 356 1652 387 haec,
1663 355 1728 390 quia

940 403 1040 431 nemini
1054 410 1088 430 ex
1107 403 1166 435 his,
1186 410 1246 438 quae
1263 406 1353 430 creata
1369 407 1442 435 sunt,
1455 402 1541 437 legem
1566 401 1625 428 orbi
1640 405 1727 428 terra-

941 456 1002 475 rum
1016 449 1082 476 dare
1103 456 1263 476 concessum
1280 453 1332 476 est.
1350 447 1442 482 Itaque
1460 447 1581 474 videnves
1595 446 1725 481 Spiritum

941 499 1065 522 sanctum
1080 495 1165 529 legem
1183 495 1292 522 dantem
1309 503 1363 522 non
1387 493 1576 529 blasphement
1593 493 1724 525 dicentes,

939 546 1002 567 eum
1025 547 1085 567 esse
1107 544 1250 567 creatum:
1276 540 1404 575 quoniam
1430 539 1564 575 praecipue
1593 538 1726 566 Dominus

939 591 1035 613 contra
1057 593 1105 613 eos
1125 586 1172 620 qui
1195 586 1382 620 blasphemant
1403 586 1431 613 in
1456 593 1518 613 eum
1533 585 1622 612 dicit:
1644 584 1726 612 Omne

939 635 1073 666 peccatum
1095 635 1120 657 et
1144 631 1303 665 blasphemia
1327 632 1475 658 remittetur
1497 629 1661 662 hominibus,
1680 630 1726 665 qui

940 680 1029 703 autent
1045 675 1259 710 blaspltemaverit
1281 677 1309 703 in
1327 676 1427 711 Spiritu
1444 680 1545 708 sancto,
1566 683 1618 702 non
1636 676 1726 702 remit-

941 727 1009 749 tetur
1025 723 1060 755 ei,
1074 730 1154 757 neque
1177 722 1206 749 in
1230 722 1277 749 hoc
1299 722 1414 754 steculo,
1437 729 1516 756 neque
1539 721 1566 748 in
1589 721 1679 755 futuro
1691 720 1725 747 ".

940 768 999 796 Non
1020 773 1109 796 autem
1126 768 1190 799 talia
1201 768 1235 796 de
1247 776 1280 796 eo
1292 769 1394 796 diceret
1405 767 1547 799 Dominus,
1561 767 1584 795 si
1600 774 1726 795 creatura

943 818 1024 841 esset.

991 859 1092 888 Deinde
1121 863 1148 887 et
1172 859 1200 887 in
1226 860 1294 887 libro
1320 859 1475 894 Regnorum
1504 858 1632 886 scribitur
1660 867 1667 886 :
1696 858 1726 885 Si

101 903 230 932 dicabant
249 905 373 940 gentibus
397 904 514 933 Verbum
538 905 656 939 Domini,
675 910 702 933 et
725 907 771 941 qui
792 906 884 934 ﬁdeles
901 905 922 935 Β
935 905 1079 937 peccaverit
1100 905 1140 932 uir
1156 905 1184 932 in
1199 905 1295 937 uirum,
1317 905 1403 932 orabit
1422 912 1469 938 pro
1486 912 1516 931 eo
1536 905 1682 936 sacerdos;
1701 905 1725 930 si

100 949 211 978 fuerant
233 951 267 978 de
289 951 499 979 circumcisione
523 952 666 980 dicentes:
687 952 755 985 Quia
781 957 888 988 oportet

100 997 297 1025 circumcidere
315 1004 373 1029 eos,
389 1003 415 1025 et
433 998 580 1033 praecipere
592 999 631 1026 eis
648 998 787 1026 custodire
803 999 886 1034 legem

101 1043 200 1079 Moysi,
220 1043 304 1078 jussit
326 1043 444 1078 Spiritus
465 1049 576 1072 sanctus
604 1052 658 1072 non
681 1045 838 1072 circumcidi
854 1053 887 1072 ex

101 1089 228 1123 gentibus
247 1088 397 1122 credentes,
422 1097 510 1125 neque
524 1089 670 1116 carnaliter
693 1089 776 1116 ritum
796 1089 885 1125 sequi,

96 1126 182 1169 ‘quem
200 1134 306 1170 Moyses
324 1134 425 1163 ludatis
439 1135 550 1163 tradidit
566 1144 572 1161 :
587 1136 755 1171 scripserunt
773 1135 888 1171 apostoli

101 1180 135 1208 iis
150 1181 197 1216 qui
219 1188 252 1208 ex
266 1181 391 1216 gentibus
413 1185 501 1214 erant,
516 1181 572 1209 haec
585 1190 592 1209 :
604 1181 724 1216 Apostoli
735 1186 760 1208 et
779 1182 887 1216 presby-

102 1227 152 1253 teri
171 1226 278 1261 fratres,
297 1227 329 1254 iis
351 1227 395 1261 qui
419 1227 575 1260 Antiochiae,
589 1233 613 1254 et
629 1227 724 1262 Syr-ite,
747 1232 771 1254 et
786 1227 888 1254 Cilicite

103 1273 242 1307 fratribus,
259 1273 304 1308 qui
326 1278 387 1300 sunt
401 1281 433 1300 επ
457 1273 588 1309 gentibus,
610 1273 733 1300 salutem.
756 1273 887 1306 Quoniam

103 1318 261 1352 audivimus,
277 1319 345 1354 quod
369 1327 401 1346 ea:
425 1319 499 1346 nobis
522 1319 630 1354 quidam
652 1320 820 1346 turbaverunt
843 1328 886 1347 vos

103 1365 184 1391 uerbis
198 1372 257 1400 quia
281 1373 332 1392 non
352 1367 536 1393 constituimus
551 1374 560 1393 :
583 1367 665 1393 visum
683 1370 722 1393 est
737 1366 811 1393 nobis
827 1374 887 1393 con-

101 1411 215 1445 gregatis
235 1411 262 1437 in
276 1411 390 1446 idipsum
405 1413 508 1439 mittere
529 1413 563 1439 ad
583 1420 626 1439 vos
649 1420 708 1438 cum
724 1412 886 1439 cltarissimis

102 1455 198 1481 nostris
218 1454 303 1482 Paula
323 1461 347 1482 et
371 1455 506 1491 Barnaba,
530 1457 678 1484 hominibus
702 1458 747 1492 qui
772 1457 887 1484 tradide-

101 1504 163 1527 runt
186 1501 289 1528 animus
312 1510 374 1529 suas
390 1511 437 1536 pro
461 1504 565 1530 nomine
587 1503 696 1530 Domini
718 1505 801 1532 nostri
822 1503 886 1531 Jesu

101 1545 211 1587 Clu-isti,
222 1546 321 1574 ludam
335 1552 359 1574 et
373 1547 468 1583 Silam,
481 1553 505 1576 et
518 1549 589 1584 ipsos
607 1557 653 1584 per
668 1550 772 1577 verbum
783 1557 886 1576 annun-

101 1593 196 1620 tiuntes
220 1594 320 1621 eadem.
350 1593 441 1622 Visum
460 1600 498 1622 est
519 1597 588 1622 enim
610 1595 723 1631 Spiritui
748 1602 839 1623 sancto
859 1602 884 1622 et

101 1638 185 1670 nobis,
205 1639 274 1666 nihil
296 1640 410 1675 amplius
423 1641 522 1674 imponi
545 1641 615 1668 vobis
628 1642 725 1673 oneris,
744 1648 840 1676 praeter
853 1649 883 1668 ea

938 959 996 978 vero
1014 952 1042 978 in
1063 951 1203 978 Dominum
1218 951 1371 986 peccaverit,
1391 951 1450 985 quis
1471 950 1556 977 orabit
1577 959 1625 985 pro
1640 958 1669 977 eo
1683 950 1727 976 "1'

937 996 970 1024 Et
982 996 1025 1024 bis
1043 996 1142 1024 similia
1153 997 1186 1024 de
1207 996 1308 1032 Spiritu
1326 1002 1420 1024 saneto
1436 997 1518 1024 etiam
1538 995 1671 1024 Dominus
1684 996 1726 1022 di-

938 1043 988 1076 xit,
1006 1043 1074 1070 sicut
1098 1043 1223 1078 superius
1237 1042 1415 1077 probavimus
1430 1051 1437 1070 :
1459 1041 1612 1076 Quicunque
1627 1041 1726 1068 dixerit

936 1089 1041 1116 uerbum
1055 1090 1082 1116 in
1098 1088 1198 1116 Filium
1221 1088 1345 1119 hominis,
1368 1088 1515 1115 remittetur
1528 1087 1726 1123 ei;quicunque

937 1136 964 1162 in
982 1134 1111 1169 Spiritum
1124 1138 1256 1167 sanctum,
1273 1141 1353 1168 neque
1369 1133 1396 1160 in
1419 1133 1468 1160 hoc
1484 1133 1581 1160 uacula
1605 1134 1725 1160 remitte-

938 1185 981 1206 tur
993 1180 1028 1211 ei,
1045 1187 1126 1214 neque
1149 1181 1175 1206 in
1196 1179 1297 1213 futuro.
1312 1178 1387 1206 Hanc
1403 1179 1486 1214 igitur
1500 1179 1724 1214 pertimescentes

937 1226 1108 1259 sententiam,
1126 1230 1152 1253 ct
1171 1225 1314 1253 audientes
1336 1230 1438 1261 quanta
1457 1225 1491 1253 de
1512 1224 1614 1260 Spiritu
1630 1230 1726 1254 sancto

938 1272 1083 1307 Scriptura:
1105 1271 1233 1304 dixerint,
1257 1271 1350 1306 qualia
1373 1271 1406 1298 de
1425 1270 1504 1298 Patre
1518 1276 1544 1298 et
1567 1270 1645 1304 Filio,
1660 1271 1725 1298 talia

936 1319 1017 1346 etiam
1036 1318 1069 1344 tle
1085 1317 1188 1352 Spiritu
1213 1321 1308 1344 sancto
1329 1317 1478 1351 sapiamus.
1496 1316 1629 1349 Quoniam
1654 1316 1725 1344 sicut

937 1366 1072 1394 credimus
1086 1365 1113 1391 in
1129 1363 1214 1391 Deum
1226 1363 1346 1397 Patrem,
1362 1367 1389 1390 et
1403 1363 1430 1390 in
1444 1363 1542 1390 Filium
1560 1363 1619 1398 ejus
1633 1364 1725 1398 attige-

937 1411 1035 1444 nitum,
1058 1411 1095 1438 ita
1112 1409 1249 1438 credimus
1263 1413 1291 1437 et
1309 1409 1337 1436 in
1353 1408 1485 1444 Spiritum
1505 1413 1639 1436 sanctum.
1653 1408 1685 1436 Et
1700 1409 1725 1436 si

936 1456 1066 1492 baptizati
1087 1463 1184 1485 sumus
1201 1456 1229 1483 in
1249 1455 1360 1483 nomine
1377 1455 1477 1489 Patris,
1493 1459 1520 1482 et
1536 1455 1608 1487 Filii,
1622 1460 1650 1483 et
1664 1455 1726 1491 Spi-

936 1503 1006 1530 ritus
1020 1502 1118 1535 sancti,
1143 1503 1216 1538 quod
1233 1503 1304 1530 sicut
1323 1502 1472 1535 credimus,
1484 1507 1514 1530 et
1531 1503 1657 1538 baptizati
1674 1512 1725 1531 su-

936 1556 1008 1580 mus,
1029 1549 1067 1576 ita
1089 1549 1238 1577 sentientes
1259 1549 1292 1576 de
1313 1548 1447 1577 Trinitate
1461 1554 1488 1577 et
1503 1549 1640 1578 imitantes
1659 1551 1724 1579 ado-

937 1596 1068 1623 rationem
1087 1596 1241 1631 seraphim,
1261 1596 1382 1625 lueredes
1399 1597 1476 1633 regni
1499 1597 1630 1625 caelorum
1654 1597 1723 1626 ellici

936 1641 1097 1676 poterimus.

136 1718 158 1733 "
172 1717 239 1746 Gen.
254 1726 295 1751 Ill,
311 1718 358 1746 20.
397 1719 419 1735 °°
431 1720 490 1747 Act.
511 1727 555 1752 xv,
568 1719 660 1748 25-29.
701 1720 722 1736 ⁸⁷
737 1719 830 1747 Matth.
845 1729 894 1753 xu,
908 1719 1002 1747 51-52.
1042 1720 1064 1736 ⁸⁸
1079 1719 1088 1747 Ι
1107 1720 1173 1755 Reg.
1188 1729 1217 1751 ll,
1233 1721 1279 1748 25.

124 1814 1717 1830 .,1Ἦ“--ι-----“-ῇ

121 1878 173 1922 “In
191 1878 333 1924 editione
348 1880 469 1909 Veneta
492 1878 590 1949 Stomi
610 1881 623 1910 Ι
641 1884 729 1949 parte
745 1890 778 1917 ιι,
796 1890 867 1921 pag.
886 1882 960 1919 783,
978 1883 1028 1914 ed.
1048 1883 1168 1915 Bened.
1181 1886 1203 1914 t.
1219 1885 1259 1920 ll,
1278 1892 1307 1923 p.
1324 1883 1394 1926 981)
1413 1885 1561 1923 sequitur
1579 1884 1718 1915 Athana-
1745 1880 1748 1882 ’

121 1926 140 1948 ιι
158 1917 303 1949 Emstola
322 1918 363 1948 ad
386 1919 492 1949 Marce
507 1919 616 1949 linunt.
634 1929 673 1949 te
699 1922 962 1949 lnlerm‘elalinne
993 1923 1201 1949 Psatmnrnm.
1234 1928 1300 1949 tum
1333 1924 1502 1949 Ετηοςίιίη
1518 1925 1552 1949 in
1566 1924 1716 1949 Pmtmm.

101 1917 140 1963 aii
158 1917 303 1963 Epistula
322 1918 371 1963 ait
386 1917 616 1963 Marcellinum,
633 1917 673 1963 _de
699 1917 962 1963 interpretatione
978 1923 1201 1963 VP‘salmorum,
1234 1917 1301 1954 tum
1329 1917 1502 1963 Expositio
1518 1925 1552 1954 in
1563 1924 1717 1954 Psalmos.

100 1957 449 2003 litasc,juxta_ordinem
476 1966 494 1989 α
508 1958 601 1989 nobis
630 1957 826 1998 institutum,
857 1961 1034 2001 exegeticis
1060 1964 1344 1994 annumeravimus
1361 1957 1434 2003 quas
1452 1968 1557 1994 tomus
1572 1964 1617 1994 lll
1632 1971 1718 1994 com-

101 1996 259 2035 plectitur.
281 1999 372 2028 Em'r.

541 2104 1715 2120 .—_—_____________.

787 2179 1028 2212 ADMONlTlO.

135 2253 335 2296 784-1011
352 2255 428 2296 Quod
445 2257 612 2296 subsequitur
625 2258 803 2296 [ragmentum
818 2264 969 2296 excerptum
983 2259 1087 2286 videtur
1102 2269 1135 2287 ea:
1148 2261 1263 2296 quadam
1276 2261 1385 2288 ltomilia
1401 2261 1548 2289 Athanasio
1570 2262 1718 2289 attributa:

99 2297 163 2330 nant
180 2299 214 2331 «In
229 2292 440 2331 f4titan-asiijtere
455 2292 534 2331 fuerit
549 2293 617 2331 id_in
630 2292 730 2331 incerto
745 2301 875 2331 uersatur.
894 2292 965 2322 Sane
983 2292 1269 2331 conspicumn'nullum
1284 2297 1392 2331 prwfert
1408 2298 1600 2324 Athanasium:
1619 2299 1718 2325 oratio-

100 2326 139 2351 nis
155 2325 292 2353 indicium.
307 2325 400 2353 Prodit
415 2325 554 2354 ex'cadice
567 2328 628 2364 Reg.
642 2329 722 2362 2999,
739 2330 787 2365 fol.
805 2329 858 2356 274
868 2350 875 2363 ,
890 2330 933 2356 cui
944 2330 1011 2356 inest
1025 2325 1125 2357 catena
1141 2331 1168 2357 in
1185 2331 1273 2366 Epist.
1284 2325 1321 2358 'ad
1335 2325 1470 2359 Hebrwos.

133 2405 181 2432 Διό
204 2404 331 2439 ἀφέντες
349 2404 402 2432 τὸν
421 2406 477 2440 τῆς
493 2407 589 2442 ἀρχῆς
608 2408 660 2435 τοῦ
678 2408 808 2443 Χριστοῦ
831 2409 883 2436 λό’

971 2410 1136 2450 Quapropter
1147 2411 1346 2438 intermittentes
1360 2410 1535 2438 inchoationis
1551 2410 1650 2439 Christi
1663 2422 1718 2441 ser-

99 2459 162 2486 τον.

138 2496 207 2522 Ἀλλ’
223 2496 326 2524 ἄνωθεν
341 2498 420 2524 πάλιν
437 2497 536 2533 ἴδωμεν
552 2499 594 2531 τξς
614 2499 687 2527 ἐστιν
707 2501 723 2536 ή
745 2501 817 2537 ἀρχὴ
834 2503 880 2529 τηῦ

98 2541 176 2576 λόγου
187 2551 193 2557 ·
208 2543 290 2574 αὐτὸς
305 2543 405 2578 ἐφεξῆς
426 2543 516 2578 τίθησι
536 2544 622 2578 λέγων
636 2553 643 2560 ·
666 2546 713 2581 Μὴ
728 2546 824 2574 πάλιν
838 2549 882 2574 θε-

96 2587 202 2622 μέλων
221 2590 474 2624 καταϐαλλόμενοι
493 2591 663 2624 μετανοίας,
688 2593 734 2619 καὶ
759 2593 792 2619 τὰ
806 2593 880 2628 ἑξῆς.

99 2633 130 2660 Ei
140 2634 168 2661 δὲ
178 2634 257 2662 τοῦτο
268 2636 350 2671 ἀρχὴ,
358 2635 384 2662 τί
393 2635 455 2662 ἄλλο
466 2636 524 2662 ἐστὶ
534 2637 565 2663 τὸ
574 2637 661 2671 δόγμα
669 2638 699 2664 τὸ
708 2638 852 2674 ἡμέτερον,
861 2639 878 2675 ἢ

99 2680 128 2707 τὸ
140 2682 305 2717 μετανοῆσαι
317 2683 371 2709 ἀπὸ
386 2682 596 2719 νεκρῶνὲργων,
606 2685 652 2710 καὶ
663 2684 709 2711 διὰ
730 2685 776 2711 τοῦ
798 2685 881 2712 πνεύ-

101 2735 184 2761 ματος
197 2727 288 2754 λαϐεῖν
304 2729 353 2764 τὴν
364 2729 455 2755 πίστιν
480 2730 520 2761 εἱς
535 2729 682 2757 ἀνάστασιν
706 2730 810 2767 νεκρῶν
827 2731 880 2757 καὶ

99 2772 344 2807 κρίματοςαῑωνιου
355 2783 361 2808 ;
375 2774 407 2801 Τί
417 2775 445 2801 δέ
453 2775 526 2802 ἐστιν
535 2775 616 2812 ἀρχή;
627 2776 702 2804 οὐδὲν
716 2776 779 2804 ἄλλο
793 2776 809 2813 ἣ
820 2776 879 2804 τοῦ·

135 2851 156 2869 ⁴⁹
173 2851 254 2880 Hebr.
282 2860 319 2885 Vl,
348 2853 373 2879 Ι.
429 2852 542 2881 "ibid!

935 2465 1036 2483 mortem
1049 2456 1082 2483 ⁶⁹.

969 2502 1021 2530 Sed
1035 2510 1064 2529 re
1078 2502 1159 2528 altius
1172 2502 1284 2536 repetita
1301 2508 1408 2528 rursum
1429 2500 1579 2532 videamus.
1600 2509 1661 2536 qua:
1681 2503 1717 2530 sit

933 2547 1071 2575 inchoatio
1091 2547 1245 2579 sermonis;
1265 2547 1290 2574 id
1307 2547 1364 2581 ipse
1387 2553 1495 2573 rursum
1517 2551 1610 2581 postca
1630 2555 1713 2582 expo-

932 2595 982 2626 nit,
1001 2593 1044 2620 his
1059 2591 1237 2620 verbiszNun
1251 2601 1357 2619 rursum
1368 2593 1496 2627 jacientes
1515 2592 1715 2626 fundamentum

931 2639 1089 2673 pwnitentia:
1099 2638 1133 2671 "°,
1152 2643 1179 2665 et
1199 2642 1304 2665 cmtera.
1323 2638 1400 2671 Quod
1417 2638 1440 2666 si
1456 2639 1520 2665 illud
1545 2639 1577 2666 sit
1596 2639 1714 2668 initium.

933 2685 998 2720 quid
1014 2684 1087 2712 aliud
1104 2683 1226 2711 doctrina
1242 2687 1335 2710 nostra
1352 2688 1403 2715 est,
1428 2691 1509 2718 quam
1527 2685 1715 2718 paenitentiam

932 2738 994 2758 esse
1010 2729 1141 2764 agendam
1155 2728 1189 2755 ab
1203 2728 1331 2763 operibus
1345 2728 1469 2761 mortuis,
1483 2735 1515 2755 ac
1530 2736 1576 2763 per
1589 2729 1715 2763 spiritum

933 2774 1125 2804 assumendum
1139 2781 1199 2802 esse
1216 2773 1296 2801 tidem
1310 2774 1338 2800 in
1350 2774 1577 2802 resurrectionem
1594 2778 1715 2803 mortuo‘
