  <div class='ocr_page' id='page_1' title='image "/cluster/home/n/w/nwhite01/storage/ocr_20150623/26/njp.32101077772521/615.png"; bbox 0 0 1939 3041; ppageno 0'>
   <div class='ocr_carea' id='block_1_1' title="bbox 240 161 311 191">
    <p class='ocr_par' dir='ltr' id='par_1_1' title="bbox 240 161 311 191">
     <span class='ocr_line' id='line_1_1' title="bbox 240 161 311 191; baseline 0.028 -2"><span class='ocrx_word' id='word_1_1' title='bbox 240 161 311 191; x_wconf 74' lang='grc'><strong>’1219</strong></span> 
     </span>
    </p>
   </div>
   <div class='ocr_carea' id='block_1_2' title="bbox 538 159 1574 189">
    <p class='ocr_par' dir='ltr' id='par_1_2' title="bbox 538 159 1574 189">
     <span class='ocr_line' id='line_1_2' title="bbox 538 159 1574 189; baseline 0 -1"><span class='ocrx_word' id='word_1_2' title='bbox 538 160 568 188; x_wconf 91' lang='lat' dir='ltr'><strong>S.</strong></span> <span class='ocrx_word' id='word_1_3' title='bbox 587 159 772 188; x_wconf 76' lang='lat' dir='ltr'><strong>ATHANASH</strong></span> <span class='ocrx_word' id='word_1_4' title='bbox 791 159 866 187; x_wconf 83' lang='lat' dir='ltr'><strong>OPP.</strong></span> <span class='ocrx_word' id='word_1_5' title='bbox 886 159 977 187; x_wconf 80' lang='lat' dir='ltr'><strong>PARS</strong></span> <span class='ocrx_word' id='word_1_6' title='bbox 996 161 1017 188; x_wconf 91' lang='lat' dir='ltr'><strong>l.</strong></span> <span class='ocrx_word' id='word_1_7' title='bbox 1040 176 1073 182; x_wconf 88' lang='lat'>—</span> <span class='ocrx_word' id='word_1_8' title='bbox 1093 160 1279 189; x_wconf 78' lang='lat' dir='ltr'><strong>HlSTORlCA</strong></span> <span class='ocrx_word' id='word_1_9' title='bbox 1299 161 1344 189; x_wconf 80' lang='lat' dir='ltr'><strong>ET</strong></span> <span class='ocrx_word' id='word_1_10' title='bbox 1364 160 1574 189; x_wconf 75' lang='lat' dir='ltr'><strong>DOGMATICA.</strong></span> 
     </span>
    </p>
   </div>
   <div class='ocr_carea' id='block_1_3' title="bbox 1791 161 1862 188">
    <p class='ocr_par' dir='ltr' id='par_1_3' title="bbox 1791 161 1862 188">
     <span class='ocr_line' id='line_1_3' title="bbox 1791 161 1862 188; baseline -0.014 0"><span class='ocrx_word' id='word_1_11' title='bbox 1791 161 1804 188; x_wconf 81' lang='grc'><strong>1</strong></span> <span class='ocrx_word' id='word_1_12' title='bbox 1810 161 1862 188; x_wconf 69' lang='lat'><strong>220</strong></span> 
     </span>
    </p>
   </div>
   <div class='ocr_carea' id='block_1_4' title="bbox 241 215 1023 254">
    <p class='ocr_par' dir='ltr' id='par_1_4' title="bbox 241 215 1022 249">
     <span class='ocr_line' id='line_1_4' title="bbox 241 215 1022 249; baseline -0.003 -3"><span class='ocrx_word' id='word_1_13' title='bbox 241 226 302 245; x_wconf 92' lang='lat' dir='ltr'><strong>rum</strong></span> <span class='ocrx_word' id='word_1_14' title='bbox 314 222 342 246; x_wconf 87' lang='lat' dir='ltr'><strong>et</strong></span> <span class='ocrx_word' id='word_1_15' title='bbox 354 216 603 245; x_wconf 77' lang='lat' dir='ltr'><strong>condemnationem</strong></span> <span class='ocrx_word' id='word_1_16' title='bbox 620 216 771 244; x_wconf 72' lang='lat' dir='ltr'><strong>:eternam?</strong></span> <span class='ocrx_word' id='word_1_17' title='bbox 788 215 857 249; x_wconf 84' lang='lat' dir='ltr'><strong>Quid</strong></span> <span class='ocrx_word' id='word_1_18' title='bbox 874 221 964 243; x_wconf 88' lang='lat' dir='ltr'><strong>autem</strong></span> <span class='ocrx_word' id='word_1_19' title='bbox 981 221 1022 244; x_wconf 86' lang='lat' dir='ltr'><strong>est</strong></span> 
     </span>
    </p>
   </div>
   <div class='ocr_carea' id='block_1_5' title="bbox 1075 215 1862 254">
    <p class='ocr_par' dir='ltr' id='par_1_5' title="bbox 1075 217 1862 254">
     <span class='ocr_line' id='line_1_5' title="bbox 1075 217 1862 254; baseline 0 -11"><span class='ocrx_word' id='word_1_20' title='bbox 1075 226 1111 243; x_wconf 80' lang='grc' dir='ltr'><strong>το.</strong></span> <span class='ocrx_word' id='word_1_21' title='bbox 1128 218 1221 253; x_wconf 67' lang='grc' dir='ltr'>Ἀρχὴ,</span> <span class='ocrx_word' id='word_1_22' title='bbox 1235 218 1326 254; x_wconf 68' lang='grc' dir='ltr'>φησιν,</span> <span class='ocrx_word' id='word_1_23' title='bbox 1337 218 1400 244; x_wconf 84' lang='grc' dir='ltr'>ὅταν</span> <span class='ocrx_word' id='word_1_24' title='bbox 1415 219 1453 254; x_wconf 84' lang='grc' dir='ltr'>μὴ</span> <span class='ocrx_word' id='word_1_25' title='bbox 1466 217 1522 252; x_wconf 75' lang='grc' dir='ltr'>βίος</span> <span class='ocrx_word' id='word_1_26' title='bbox 1531 217 1647 253; x_wconf 72' lang='grc' dir='ltr'>ἀκριϐὴς</span> <span class='ocrx_word' id='word_1_27' title='bbox 1665 219 1749 253; x_wconf 82' lang='grc' dir='ltr'>παρῇ.</span> <span class='ocrx_word' id='word_1_28' title='bbox 1766 218 1862 244; x_wconf 71' lang='grc' dir='ltr'>Καθαα</span> 
     </span>
    </p>
   </div>
   <div class='ocr_carea' id='block_1_6' title="bbox 241 260 1023 296">
    <p class='ocr_par' dir='ltr' id='par_1_6' title="bbox 241 260 1023 296">
     <span class='ocr_line' id='line_1_6' title="bbox 241 260 1023 296; baseline -0.001 -6"><span class='ocrx_word' id='word_1_29' title='bbox 241 262 368 290; x_wconf 86' lang='lat' dir='ltr'><strong>initium?</strong></span> <span class='ocrx_word' id='word_1_30' title='bbox 379 262 446 288; x_wconf 89' lang='lat' dir='ltr'><strong>nihil</strong></span> <span class='ocrx_word' id='word_1_31' title='bbox 463 261 535 289; x_wconf 84' lang='lat' dir='ltr'><strong>aliud</strong></span> <span class='ocrx_word' id='word_1_32' title='bbox 548 269 630 296; x_wconf 86' lang='lat' dir='ltr'><strong>quam</strong></span> <span class='ocrx_word' id='word_1_33' title='bbox 651 262 703 288; x_wconf 90' lang='lat' dir='ltr'><strong>hoc</strong></span> <span class='ocrx_word' id='word_1_34' title='bbox 725 265 776 288; x_wconf 84' lang='lat' dir='ltr'><strong>est.</strong></span> <span class='ocrx_word' id='word_1_35' title='bbox 788 260 910 293; x_wconf 86' lang='lat' dir='ltr'><strong>Initium,</strong></span> <span class='ocrx_word' id='word_1_36' title='bbox 926 261 1023 296; x_wconf 88' lang='lat' dir='ltr'><strong>inquit,</strong></span> 
     </span>
    </p>
   </div>
   <div class='ocr_carea' id='block_1_7' title="bbox 239 307 1025 341">
    <p class='ocr_par' dir='ltr' id='par_1_7' title="bbox 239 307 1025 341">
     <span class='ocr_line' id='line_1_7' title="bbox 239 307 1025 341; baseline -0.003 -4"><span class='ocrx_word' id='word_1_37' title='bbox 239 313 290 341; x_wconf 87' lang='lat' dir='ltr'><strong>est,</strong></span> <span class='ocrx_word' id='word_1_38' title='bbox 303 315 364 335; x_wconf 84' lang='lat' dir='ltr'><strong>cum</strong></span> <span class='ocrx_word' id='word_1_39' title='bbox 377 315 430 334; x_wconf 92' lang='lat' dir='ltr'><strong>non</strong></span> <span class='ocrx_word' id='word_1_40' title='bbox 442 307 518 334; x_wconf 88' lang='lat' dir='ltr'><strong>adest</strong></span> <span class='ocrx_word' id='word_1_41' title='bbox 535 308 619 341; x_wconf 86' lang='lat' dir='ltr'><strong>proba</strong></span> <span class='ocrx_word' id='word_1_42' title='bbox 641 311 667 334; x_wconf 91' lang='lat' dir='ltr'><strong>et</strong></span> <span class='ocrx_word' id='word_1_43' title='bbox 692 312 820 334; x_wconf 86' lang='lat' dir='ltr'><strong>accurata</strong></span> <span class='ocrx_word' id='word_1_44' title='bbox 845 307 911 335; x_wconf 79' lang='lat' dir='ltr'><strong>vita.</strong></span> <span class='ocrx_word' id='word_1_45' title='bbox 937 307 1025 335; x_wconf 86' lang='lat' dir='ltr'><strong>Sicuti</strong></span> 
     </span>
    </p>
   </div>
   <div class='ocr_carea' id='block_1_8' title="bbox 239 351 1024 387">
    <p class='ocr_par' dir='ltr' id='par_1_8' title="bbox 239 351 1024 387">
     <span class='ocr_line' id='line_1_8' title="bbox 239 351 1024 387; baseline -0.003 -7"><span class='ocrx_word' id='word_1_46' title='bbox 239 353 311 380; x_wconf 89' lang='lat' dir='ltr'><strong>enim</strong></span> <span class='ocrx_word' id='word_1_47' title='bbox 337 360 399 379; x_wconf 92' lang='lat' dir='ltr'><strong>eum</strong></span> <span class='ocrx_word' id='word_1_48' title='bbox 428 352 475 387; x_wconf 87' lang='lat' dir='ltr'><strong>qui</strong></span> <span class='ocrx_word' id='word_1_49' title='bbox 495 351 666 386; x_wconf 85' lang='lat' dir='ltr'><strong>disciplinam</strong></span> <span class='ocrx_word' id='word_1_50' title='bbox 693 351 844 378; x_wconf 85' lang='lat' dir='ltr'><strong>litterarum</strong></span> <span class='ocrx_word' id='word_1_51' title='bbox 865 351 1024 386; x_wconf 70' lang='lat' dir='ltr'><strong>ingreditur,</strong></span> 
     </span>
    </p>
   </div>
   <div class='ocr_carea' id='block_1_9' title="bbox 239 397 1022 435">
    <p class='ocr_par' dir='ltr' id='par_1_9' title="bbox 239 397 1022 435">
     <span class='ocr_line' id='line_1_9' title="bbox 239 397 1022 435; baseline -0.001 -10"><span class='ocrx_word' id='word_1_52' title='bbox 239 402 344 433; x_wconf 91' lang='lat' dir='ltr'><strong>oportet</strong></span> <span class='ocrx_word' id='word_1_53' title='bbox 362 398 480 432; x_wconf 88' lang='lat' dir='ltr'><strong>primum</strong></span> <span class='ocrx_word' id='word_1_54' title='bbox 503 397 636 424; x_wconf 82' lang='lat' dir='ltr'><strong>elementa</strong></span> <span class='ocrx_word' id='word_1_55' title='bbox 658 397 816 435; x_wconf 72' lang='lat' dir='ltr'><strong>auscultare</strong></span> <span class='ocrx_word' id='word_1_56' title='bbox 839 401 867 424; x_wconf 88' lang='lat' dir='ltr'><strong>et</strong></span> <span class='ocrx_word' id='word_1_57' title='bbox 880 397 1022 429; x_wconf 85' lang='lat' dir='ltr'><strong>ediscere;</strong></span> 
     </span>
    </p>
   </div>
   <div class='ocr_carea' id='block_1_10' title="bbox 239 442 1026 476">
    <p class='ocr_par' dir='ltr' id='par_1_10' title="bbox 239 442 1026 476">
     <span class='ocr_line' id='line_1_10' title="bbox 239 442 1026 476; baseline 0 -6"><span class='ocrx_word' id='word_1_58' title='bbox 239 444 276 471; x_wconf 88' lang='lat' dir='ltr'><strong>ita</strong></span> <span class='ocrx_word' id='word_1_59' title='bbox 296 448 324 470; x_wconf 89' lang='lat' dir='ltr'><strong>et</strong></span> <span class='ocrx_word' id='word_1_60' title='bbox 349 442 537 470; x_wconf 85' lang='lat' dir='ltr'><strong>Christianum</strong></span> <span class='ocrx_word' id='word_1_61' title='bbox 561 442 619 470; x_wconf 60' lang='lat' dir='ltr'><strong>hate</strong></span> <span class='ocrx_word' id='word_1_62' title='bbox 646 442 763 476; x_wconf 85' lang='lat' dir='ltr'><strong>primum</strong></span> <span class='ocrx_word' id='word_1_63' title='bbox 793 446 922 469; x_wconf 88' lang='lat' dir='ltr'><strong>accurate</strong></span> <span class='ocrx_word' id='word_1_64' title='bbox 944 450 1026 470; x_wconf 89' lang='lat' dir='ltr'><strong>nosse</strong></span> 
     </span>
    </p>
   </div>
   <div class='ocr_carea' id='block_1_11' title="bbox 238 488 1025 524">
    <p class='ocr_par' dir='ltr' id='par_1_11' title="bbox 238 488 1025 524">
     <span class='ocr_line' id='line_1_11' title="bbox 238 488 1025 524; baseline 0.001 -9"><span class='ocrx_word' id='word_1_65' title='bbox 238 494 356 524; x_wconf 85' lang='lat' dir='ltr'><strong>oportet,</strong></span> <span class='ocrx_word' id='word_1_66' title='bbox 368 497 417 517; x_wconf 86' lang='lat' dir='ltr'><strong>nec</strong></span> <span class='ocrx_word' id='word_1_67' title='bbox 437 489 572 516; x_wconf 80' lang='lat' dir='ltr'><strong>ullatenus</strong></span> <span class='ocrx_word' id='word_1_68' title='bbox 587 489 630 516; x_wconf 88' lang='lat' dir='ltr'><strong>his</strong></span> <span class='ocrx_word' id='word_1_69' title='bbox 646 489 680 516; x_wconf 87' lang='lat' dir='ltr'><strong>de</strong></span> <span class='ocrx_word' id='word_1_70' title='bbox 695 489 778 516; x_wconf 81' lang='lat' dir='ltr'><strong>rebus</strong></span> <span class='ocrx_word' id='word_1_71' title='bbox 796 489 932 516; x_wconf 87' lang='lat' dir='ltr'><strong>dubitare.</strong></span> <span class='ocrx_word' id='word_1_72' title='bbox 947 488 1025 522; x_wconf 83' lang='lat' dir='ltr'><strong>Quod</strong></span> 
     </span>
    </p>
   </div>
   <div class='ocr_carea' id='block_1_12' title="bbox 239 535 1022 569">
    <p class='ocr_par' dir='ltr' id='par_1_12' title="bbox 239 535 1022 569">
     <span class='ocr_line' id='line_1_12' title="bbox 239 535 1022 569; baseline -0.001 -7"><span class='ocrx_word' id='word_1_73' title='bbox 239 535 261 562; x_wconf 88' lang='lat' dir='ltr'><strong>si</strong></span> <span class='ocrx_word' id='word_1_74' title='bbox 277 535 400 562; x_wconf 84' lang='lat' dir='ltr'><strong>doctrina</strong></span> <span class='ocrx_word' id='word_1_75' title='bbox 416 535 460 562; x_wconf 87' lang='lat' dir='ltr'><strong>ille</strong></span> <span class='ocrx_word' id='word_1_76' title='bbox 484 538 578 569; x_wconf 79' lang='lat' dir='ltr'><strong>egeat,</strong></span> <span class='ocrx_word' id='word_1_77' title='bbox 598 535 718 562; x_wconf 87' lang='lat' dir='ltr'><strong>nondum</strong></span> <span class='ocrx_word' id='word_1_78' title='bbox 745 535 836 569; x_wconf 89' lang='lat' dir='ltr'><strong>posuit</strong></span> <span class='ocrx_word' id='word_1_79' title='bbox 862 535 1022 562; x_wconf 80' lang='lat' dir='ltr'><strong>fundamen-</strong></span> 
     </span>
    </p>
   </div>
   <div class='ocr_carea' id='block_1_13' title="bbox 238 579 1024 614">
    <p class='ocr_par' dir='ltr' id='par_1_13' title="bbox 238 579 1024 614">
     <span class='ocr_line' id='line_1_13' title="bbox 238 579 1024 614; baseline -0.001 -7"><span class='ocrx_word' id='word_1_80' title='bbox 238 585 306 607; x_wconf 92' lang='lat' dir='ltr'><strong>tum.</strong></span> <span class='ocrx_word' id='word_1_81' title='bbox 323 579 391 606; x_wconf 87' lang='lat' dir='ltr'><strong>Eum</strong></span> <span class='ocrx_word' id='word_1_82' title='bbox 409 587 526 614; x_wconf 83' lang='lat' dir='ltr'><strong>namque</strong></span> <span class='ocrx_word' id='word_1_83' title='bbox 542 579 587 613; x_wconf 88' lang='lat' dir='ltr'><strong>qui</strong></span> <span class='ocrx_word' id='word_1_84' title='bbox 601 579 697 606; x_wconf 86' lang='lat' dir='ltr'><strong>ﬁrmus</strong></span> <span class='ocrx_word' id='word_1_85' title='bbox 710 584 762 612; x_wconf 89' lang='lat' dir='ltr'><strong>est,</strong></span> <span class='ocrx_word' id='word_1_86' title='bbox 783 584 889 614; x_wconf 81' lang='lat' dir='ltr'><strong>oportet</strong></span> <span class='ocrx_word' id='word_1_87' title='bbox 903 579 1024 606; x_wconf 80' lang='lat' dir='ltr'><strong>consoli~</strong></span> 
     </span>
    </p>
   </div>
   <div class='ocr_carea' id='block_1_14' title="bbox 238 625 1023 660">
    <p class='ocr_par' dir='ltr' id='par_1_14' title="bbox 238 625 1023 660">
     <span class='ocr_line' id='line_1_14' title="bbox 238 625 1023 660; baseline -0.001 -7"><span class='ocrx_word' id='word_1_88' title='bbox 238 627 332 653; x_wconf 90' lang='lat' dir='ltr'><strong>datum</strong></span> <span class='ocrx_word' id='word_1_89' title='bbox 348 634 409 654; x_wconf 81' lang='lat' dir='ltr'><strong>esse</strong></span> <span class='ocrx_word' id='word_1_90' title='bbox 425 634 456 653; x_wconf 85' lang='lat' dir='ltr'><strong>ac</strong></span> <span class='ocrx_word' id='word_1_91' title='bbox 476 627 636 659; x_wconf 78' lang='lat' dir='ltr'><strong>consistere,</strong></span> <span class='ocrx_word' id='word_1_92' title='bbox 650 633 739 660; x_wconf 90' lang='lat' dir='ltr'><strong>neque</strong></span> <span class='ocrx_word' id='word_1_93' title='bbox 759 625 894 652; x_wconf 81' lang='lat' dir='ltr'><strong>ullatenus</strong></span> <span class='ocrx_word' id='word_1_94' title='bbox 910 626 1023 652; x_wconf 88' lang='lat' dir='ltr'><strong>moveri.</strong></span> 
     </span>
    </p>
   </div>
   <div class='ocr_carea' id='block_1_15' title="bbox 239 671 1024 707">
    <p class='ocr_par' dir='ltr' id='par_1_15' title="bbox 239 671 1024 707">
     <span class='ocr_line' id='line_1_15' title="bbox 239 671 1024 707; baseline -0.001 -8"><span class='ocrx_word' id='word_1_95' title='bbox 239 671 316 705; x_wconf 86' lang='lat' dir='ltr'><strong>Quod</strong></span> <span class='ocrx_word' id='word_1_96' title='bbox 331 672 353 699; x_wconf 92' lang='lat' dir='ltr'><strong>si</strong></span> <span class='ocrx_word' id='word_1_97' title='bbox 369 672 491 699; x_wconf 89' lang='lat' dir='ltr'><strong>futurum</strong></span> <span class='ocrx_word' id='word_1_98' title='bbox 511 672 657 707; x_wconf 77' lang='lat' dir='ltr'><strong>aliquando</strong></span> <span class='ocrx_word' id='word_1_99' title='bbox 671 676 722 702; x_wconf 87' lang='lat' dir='ltr'><strong>est,</strong></span> <span class='ocrx_word' id='word_1_100' title='bbox 737 671 823 706; x_wconf 86' lang='lat' dir='ltr'><strong>utqui</strong></span> <span class='ocrx_word' id='word_1_101' title='bbox 839 671 981 698; x_wconf 89' lang='lat' dir='ltr'><strong>institutus</strong></span> <span class='ocrx_word' id='word_1_102' title='bbox 997 672 1024 698; x_wconf 89' lang='lat' dir='ltr'><strong>in</strong></span> 
     </span>
    </p>
   </div>
   <div class='ocr_carea' id='block_1_16' title="bbox 239 716 1025 752">
    <p class='ocr_par' dir='ltr' id='par_1_16' title="bbox 239 716 1025 752">
     <span class='ocr_line' id='line_1_16' title="bbox 239 716 1025 752; baseline -0.003 -7"><span class='ocrx_word' id='word_1_103' title='bbox 239 718 292 745; x_wconf 89' lang='lat' dir='ltr'><strong>ﬁde</strong></span> <span class='ocrx_word' id='word_1_104' title='bbox 317 723 345 744; x_wconf 89' lang='lat' dir='ltr'><strong>et</strong></span> <span class='ocrx_word' id='word_1_105' title='bbox 371 717 526 752; x_wconf 80' lang='lat' dir='ltr'><strong>baptizatus</strong></span> <span class='ocrx_word' id='word_1_106' title='bbox 547 722 589 744; x_wconf 90' lang='lat' dir='ltr'><strong>est</strong></span> <span class='ocrx_word' id='word_1_107' title='bbox 611 721 673 751; x_wconf 86' lang='lat' dir='ltr'><strong>post</strong></span> <span class='ocrx_word' id='word_1_108' title='bbox 699 716 792 743; x_wconf 82' lang='lat' dir='ltr'><strong>decem</strong></span> <span class='ocrx_word' id='word_1_109' title='bbox 814 724 901 744; x_wconf 81' lang='lat' dir='ltr'><strong>annos</strong></span> <span class='ocrx_word' id='word_1_110' title='bbox 916 717 950 744; x_wconf 89' lang='lat' dir='ltr'><strong>de</strong></span> <span class='ocrx_word' id='word_1_111' title='bbox 974 717 1025 744; x_wconf 87' lang='lat' dir='ltr'><strong>iide</strong></span> 
     </span>
    </p>
   </div>
   <div class='ocr_carea' id='block_1_17' title="bbox 238 759 1023 796">
    <p class='ocr_par' dir='ltr' id='par_1_17' title="bbox 238 759 1023 796">
     <span class='ocr_line' id='line_1_17' title="bbox 238 759 1023 796; baseline 0 -8"><span class='ocrx_word' id='word_1_112' title='bbox 238 768 348 788; x_wconf 85' lang='lat' dir='ltr'><strong>rursum</strong></span> <span class='ocrx_word' id='word_1_113' title='bbox 365 761 468 794; x_wconf 83' lang='lat' dir='ltr'><strong>audiat,</strong></span> <span class='ocrx_word' id='word_1_114' title='bbox 487 769 582 796; x_wconf 85' lang='lat' dir='ltr'><strong>nempe</strong></span> <span class='ocrx_word' id='word_1_115' title='bbox 599 759 760 787; x_wconf 74' lang='lat' dir='ltr'><strong>credendam</strong></span> <span class='ocrx_word' id='word_1_116' title='bbox 779 768 840 787; x_wconf 90' lang='lat' dir='ltr'><strong>esse</strong></span> <span class='ocrx_word' id='word_1_117' title='bbox 854 766 1023 788; x_wconf 91' lang='lat' dir='ltr'><strong>mortuorum</strong></span> 
     </span>
    </p>
   </div>
   <div class='ocr_carea' id='block_1_18' title="bbox 239 806 1022 839">
    <p class='ocr_par' dir='ltr' id='par_1_18' title="bbox 239 806 1022 839">
     <span class='ocr_line' id='line_1_18' title="bbox 239 806 1022 839; baseline -0.003 -4"><span class='ocrx_word' id='word_1_118' title='bbox 239 807 464 835; x_wconf 79' lang='lat' dir='ltr'><strong>resurrectionem</strong></span> <span class='ocrx_word' id='word_1_119' title='bbox 479 827 485 837; x_wconf 92' lang='lat'><strong>,</strong></span> <span class='ocrx_word' id='word_1_120' title='bbox 509 807 532 834; x_wconf 92' lang='lat' dir='ltr'><strong>is</strong></span> <span class='ocrx_word' id='word_1_121' title='bbox 552 806 671 833; x_wconf 87' lang='lat' dir='ltr'><strong>nondum</strong></span> <span class='ocrx_word' id='word_1_122' title='bbox 694 806 774 832; x_wconf 80' lang='lat' dir='ltr'><strong>habet</strong></span> <span class='ocrx_word' id='word_1_123' title='bbox 799 806 1022 839; x_wconf 86' lang='lat' dir='ltr'><strong>fundamentum,</strong></span> 
     </span>
    </p>
   </div>
   <div class='ocr_carea' id='block_1_19' title="bbox 238 851 1023 888">
    <p class='ocr_par' dir='ltr' id='par_1_19' title="bbox 238 851 1023 888">
     <span class='ocr_line' id='line_1_19' title="bbox 238 851 1023 888; baseline 0.001 -9"><span class='ocrx_word' id='word_1_124' title='bbox 238 853 338 888; x_wconf 86' lang='lat' dir='ltr'><strong>quippe</strong></span> <span class='ocrx_word' id='word_1_125' title='bbox 358 853 404 887; x_wconf 91' lang='lat' dir='ltr'><strong>qui</strong></span> <span class='ocrx_word' id='word_1_126' title='bbox 420 860 529 880; x_wconf 86' lang='lat' dir='ltr'><strong>rursum</strong></span> <span class='ocrx_word' id='word_1_127' title='bbox 546 851 749 879; x_wconf 82' lang='lat' dir='ltr'><strong>Christianismi</strong></span> <span class='ocrx_word' id='word_1_128' title='bbox 768 851 873 879; x_wconf 76' lang='lat' dir='ltr'><strong>initium</strong></span> <span class='ocrx_word' id='word_1_129' title='bbox 887 853 1023 887; x_wconf 84' lang='lat' dir='ltr'><strong>exquirat.</strong></span> 
     </span>
    </p>
   </div>
   <div class='ocr_carea' id='block_1_20' title="bbox 237 891 1062 933">
    <p class='ocr_par' dir='ltr' id='par_1_20' title="bbox 237 891 1062 933">
     <span class='ocr_line' id='line_1_20' title="bbox 237 891 1062 933; baseline 0 -7"><span class='ocrx_word' id='word_1_130' title='bbox 237 898 306 926; x_wconf 81' lang='lat' dir='ltr'><strong>Nam</strong></span> <span class='ocrx_word' id='word_1_131' title='bbox 320 898 392 933; x_wconf 92' lang='lat' dir='ltr'><strong>quod</strong></span> <span class='ocrx_word' id='word_1_132' title='bbox 409 898 476 925; x_wconf 93' lang='lat' dir='ltr'><strong>ﬁdes</strong></span> <span class='ocrx_word' id='word_1_133' title='bbox 488 899 523 925; x_wconf 92' lang='lat' dir='ltr'><strong>sit</strong></span> <span class='ocrx_word' id='word_1_134' title='bbox 538 898 755 930; x_wconf 87' lang='lat' dir='ltr'><strong>fundamentum,</strong></span> <span class='ocrx_word' id='word_1_135' title='bbox 769 905 801 924; x_wconf 90' lang='lat' dir='ltr'><strong>ac</strong></span> <span class='ocrx_word' id='word_1_136' title='bbox 814 898 886 932; x_wconf 89' lang='lat' dir='ltr'><strong>quod</strong></span> <span class='ocrx_word' id='word_1_137' title='bbox 902 903 1024 932; x_wconf 83' lang='lat' dir='ltr'><strong>superest</strong></span> <span class='ocrx_word' id='word_1_138' title='bbox 1041 891 1062 919; x_wconf 77' lang='grc' dir='ltr'><strong>Β</strong></span> 
     </span>
    </p>
   </div>
   <div class='ocr_carea' id='block_1_21' title="bbox 237 943 1024 979">
    <p class='ocr_par' dir='ltr' id='par_1_21' title="bbox 237 943 1024 979">
     <span class='ocr_line' id='line_1_21' title="bbox 237 943 1024 979; baseline -0.001 -7"><span class='ocrx_word' id='word_1_139' title='bbox 237 944 336 972; x_wconf 87' lang='lat' dir='ltr'><strong>deinde</strong></span> <span class='ocrx_word' id='word_1_140' title='bbox 351 944 385 971; x_wconf 81' lang='lat' dir='ltr'><strong>ad</strong></span> <span class='ocrx_word' id='word_1_141' title='bbox 405 944 611 971; x_wconf 71' lang='lat' dir='ltr'><strong>aedificationem</strong></span> <span class='ocrx_word' id='word_1_142' title='bbox 634 943 766 975; x_wconf 82' lang='lat' dir='ltr'><strong>conferat,</strong></span> <span class='ocrx_word' id='word_1_143' title='bbox 781 944 845 970; x_wconf 85' lang='lat' dir='ltr'><strong>audi</strong></span> <span class='ocrx_word' id='word_1_144' title='bbox 871 944 960 979; x_wconf 84' lang='lat' dir='ltr'><strong>ipsum</strong></span> <span class='ocrx_word' id='word_1_145' title='bbox 984 944 1024 971; x_wconf 94' lang='lat' dir='ltr'><strong>lo-</strong></span> 
     </span>
    </p>
   </div>
   <div class='ocr_carea' id='block_1_22' title="bbox 237 989 1023 1025">
    <p class='ocr_par' dir='ltr' id='par_1_22' title="bbox 237 989 1023 1025">
     <span class='ocr_line' id='line_1_22' title="bbox 237 989 1023 1025; baseline 0 -9"><span class='ocrx_word' id='word_1_146' title='bbox 237 994 366 1025; x_wconf 87' lang='lat' dir='ltr'><strong>quentem</strong></span> <span class='ocrx_word' id='word_1_147' title='bbox 379 999 385 1016; x_wconf 91' lang='lat'>:</span> <span class='ocrx_word' id='word_1_148' title='bbox 406 989 461 1024; x_wconf 85' lang='lat' dir='ltr'><strong>Ego</strong></span> <span class='ocrx_word' id='word_1_149' title='bbox 474 990 672 1022; x_wconf 78' lang='lat' dir='ltr'><strong>fundamentum</strong></span> <span class='ocrx_word' id='word_1_150' title='bbox 685 992 771 1024; x_wconf 82' lang='lat' dir='ltr'><strong>posui,</strong></span> <span class='ocrx_word' id='word_1_151' title='bbox 787 989 857 1017; x_wconf 81' lang='lat' dir='ltr'><strong>alius</strong></span> <span class='ocrx_word' id='word_1_152' title='bbox 879 991 1023 1024; x_wconf 77' lang='lat' dir='ltr'><strong>supera-di-</strong></span> 
     </span>
    </p>
   </div>
   <div class='ocr_carea' id='block_1_23' title="bbox 237 1035 1024 1071">
    <p class='ocr_par' dir='ltr' id='par_1_23' title="bbox 237 1035 1024 1071">
     <span class='ocr_line' id='line_1_23' title="bbox 237 1035 1024 1071; baseline -0.001 -8"><span class='ocrx_word' id='word_1_153' title='bbox 237 1037 301 1071; x_wconf 67' lang='grc' dir='ltr'>βίαι</span> <span class='ocrx_word' id='word_1_154' title='bbox 313 1036 347 1063; x_wconf 72' lang='grc' dir='ltr'><strong>τί.</strong></span> <span class='ocrx_word' id='word_1_155' title='bbox 363 1035 432 1069; x_wconf 81' lang='lat' dir='ltr'><strong>Quid</strong></span> <span class='ocrx_word' id='word_1_156' title='bbox 446 1041 488 1063; x_wconf 90' lang='lat' dir='ltr'><strong>est</strong></span> <span class='ocrx_word' id='word_1_157' title='bbox 502 1040 605 1068; x_wconf 82' lang='lat' dir='ltr'><strong>autem,</strong></span> <span class='ocrx_word' id='word_1_158' title='bbox 628 1037 662 1062; x_wconf 84' lang='lat' dir='ltr'><strong>ad</strong></span> <span class='ocrx_word' id='word_1_159' title='bbox 679 1036 834 1071; x_wconf 79' lang='lat' dir='ltr'><strong>perfectiora</strong></span> <span class='ocrx_word' id='word_1_160' title='bbox 851 1036 970 1070; x_wconf 75' lang='lat' dir='ltr'><strong>feramur</strong></span> <span class='ocrx_word' id='word_1_161' title='bbox 983 1036 1024 1062; x_wconf 74' lang='lat'><strong>7’?</strong></span> 
     </span>
    </p>
   </div>
   <div class='ocr_carea' id='block_1_24' title="bbox 236 1081 1024 1116">
    <p class='ocr_par' dir='ltr' id='par_1_24' title="bbox 236 1081 1024 1116">
     <span class='ocr_line' id='line_1_24' title="bbox 236 1081 1024 1116; baseline 0 -7"><span class='ocrx_word' id='word_1_162' title='bbox 236 1081 278 1109; x_wconf 74' lang='lat' dir='ltr'><strong>Ad</strong></span> <span class='ocrx_word' id='word_1_163' title='bbox 293 1086 394 1109; x_wconf 89' lang='lat' dir='ltr'><strong>tectum</strong></span> <span class='ocrx_word' id='word_1_164' title='bbox 411 1081 512 1116; x_wconf 85' lang='lat' dir='ltr'><strong>ipsum,</strong></span> <span class='ocrx_word' id='word_1_165' title='bbox 536 1082 634 1116; x_wconf 81' lang='lat' dir='ltr'><strong>inquit,</strong></span> <span class='ocrx_word' id='word_1_166' title='bbox 656 1081 765 1108; x_wconf 89' lang='lat' dir='ltr'><strong>demum</strong></span> <span class='ocrx_word' id='word_1_167' title='bbox 782 1082 982 1116; x_wconf 84' lang='lat' dir='ltr'><strong>perveniamus,</strong></span> <span class='ocrx_word' id='word_1_168' title='bbox 999 1082 1024 1109; x_wconf 88' lang='lat' dir='ltr'><strong>id</strong></span> 
     </span>
    </p>
   </div>
   <div class='ocr_carea' id='block_1_25' title="bbox 236 1127 1024 1162">
    <p class='ocr_par' dir='ltr' id='par_1_25' title="bbox 236 1127 1024 1162">
     <span class='ocr_line' id='line_1_25' title="bbox 236 1127 1024 1162; baseline -0.001 -8"><span class='ocrx_word' id='word_1_169' title='bbox 236 1131 290 1160; x_wconf 80' lang='lat' dir='ltr'><strong>est,</strong></span> <span class='ocrx_word' id='word_1_170' title='bbox 307 1127 438 1162; x_wconf 85' lang='lat' dir='ltr'><strong>optimam</strong></span> <span class='ocrx_word' id='word_1_171' title='bbox 454 1134 568 1162; x_wconf 81' lang='lat' dir='ltr'><strong>agamus</strong></span> <span class='ocrx_word' id='word_1_172' title='bbox 588 1127 682 1153; x_wconf 90' lang='lat' dir='ltr'><strong>vitam.</strong></span> <span class='ocrx_word' id='word_1_173' title='bbox 700 1127 935 1159; x_wconf 83' lang='lat' dir='ltr'><strong>Quemadmodum</strong></span> <span class='ocrx_word' id='word_1_174' title='bbox 952 1127 1024 1153; x_wconf 89' lang='lat' dir='ltr'><strong>enim</strong></span> 
     </span>
    </p>
   </div>
   <div class='ocr_carea' id='block_1_26' title="bbox 238 1172 1025 1207">
    <p class='ocr_par' dir='ltr' id='par_1_26' title="bbox 238 1172 1025 1207">
     <span class='ocr_line' id='line_1_26' title="bbox 238 1172 1025 1207; baseline -0.001 -7"><span class='ocrx_word' id='word_1_175' title='bbox 238 1173 267 1200; x_wconf 91' lang='lat' dir='ltr'><strong>in</strong></span> <span class='ocrx_word' id='word_1_176' title='bbox 285 1173 437 1205; x_wconf 85' lang='lat' dir='ltr'><strong>elementis,</strong></span> <span class='ocrx_word' id='word_1_177' title='bbox 455 1173 536 1207; x_wconf 86' lang='lat' dir='ltr'><strong>alpha</strong></span> <span class='ocrx_word' id='word_1_178' title='bbox 559 1172 682 1199; x_wconf 86' lang='lat' dir='ltr'><strong>continet</strong></span> <span class='ocrx_word' id='word_1_179' title='bbox 705 1172 809 1204; x_wconf 87' lang='lat' dir='ltr'><strong>omnia,</strong></span> <span class='ocrx_word' id='word_1_180' title='bbox 827 1177 857 1199; x_wconf 90' lang='lat' dir='ltr'><strong>ut</strong></span> <span class='ocrx_word' id='word_1_181' title='bbox 877 1177 905 1199; x_wconf 91' lang='lat' dir='ltr'><strong>et</strong></span> <span class='ocrx_word' id='word_1_182' title='bbox 929 1173 1025 1199; x_wconf 84' lang='lat' dir='ltr'><strong>funda-</strong></span> 
     </span>
    </p>
   </div>
   <div class='ocr_carea' id='block_1_27' title="bbox 236 1228 1025 1264">
    <p class='ocr_par' dir='ltr' id='par_1_27' title="bbox 236 1228 1025 1264">
     <span class='ocr_line' id='line_1_27' title="bbox 236 1228 1025 1264; baseline -0.004 -6"><span class='ocrx_word' id='word_1_183' title='bbox 236 1235 358 1258; x_wconf 91' lang='lat' dir='ltr'><strong>mentum</strong></span> <span class='ocrx_word' id='word_1_184' title='bbox 375 1234 460 1257; x_wconf 90' lang='lat' dir='ltr'><strong>totum</strong></span> <span class='ocrx_word' id='word_1_185' title='bbox 476 1229 619 1257; x_wconf 64' lang='lat' dir='ltr'><strong>mdiﬁcium</strong></span> <span class='ocrx_word' id='word_1_186' title='bbox 633 1238 641 1262; x_wconf 84' lang='lat'><strong>;</strong></span> <span class='ocrx_word' id='word_1_187' title='bbox 667 1229 705 1256; x_wconf 86' lang='lat' dir='ltr'><strong>ita</strong></span> <span class='ocrx_word' id='word_1_188' title='bbox 718 1236 827 1263; x_wconf 90' lang='lat' dir='ltr'><strong>quoque</strong></span> <span class='ocrx_word' id='word_1_189' title='bbox 842 1228 902 1255; x_wconf 73' lang='lat' dir='ltr'><strong>vita:</strong></span> <span class='ocrx_word' id='word_1_190' title='bbox 919 1229 1025 1264; x_wconf 80' lang='lat' dir='ltr'><strong>purita-</strong></span> 
     </span>
    </p>
   </div>
   <div class='ocr_carea' id='block_1_28' title="bbox 235 1274 1024 1309">
    <p class='ocr_par' dir='ltr' id='par_1_28' title="bbox 235 1274 1024 1309">
     <span class='ocr_line' id='line_1_28' title="bbox 235 1274 1024 1309; baseline -0.003 -5"><span class='ocrx_word' id='word_1_191' title='bbox 235 1279 291 1304; x_wconf 68' lang='lat' dir='ltr'><strong>tem</strong></span> <span class='ocrx_word' id='word_1_192' title='bbox 313 1277 435 1303; x_wconf 89' lang='lat' dir='ltr'><strong>continet</strong></span> <span class='ocrx_word' id='word_1_193' title='bbox 447 1275 581 1303; x_wconf 90' lang='lat' dir='ltr'><strong>certitudo</strong></span> <span class='ocrx_word' id='word_1_194' title='bbox 596 1279 623 1302; x_wconf 88' lang='lat' dir='ltr'><strong>et</strong></span> <span class='ocrx_word' id='word_1_195' title='bbox 638 1274 752 1301; x_wconf 87' lang='lat' dir='ltr'><strong>ﬁrmitas</strong></span> <span class='ocrx_word' id='word_1_196' title='bbox 769 1274 842 1308; x_wconf 80' lang='lat' dir='ltr'><strong>ﬁdei,</strong></span> <span class='ocrx_word' id='word_1_197' title='bbox 859 1275 927 1301; x_wconf 85' lang='lat' dir='ltr'><strong>citra</strong></span> <span class='ocrx_word' id='word_1_198' title='bbox 942 1283 1024 1309; x_wconf 89' lang='lat' dir='ltr'><strong>quam</strong></span> 
     </span>
    </p>
   </div>
   <div class='ocr_carea' id='block_1_29' title="bbox 237 1320 1023 1356">
    <p class='ocr_par' dir='ltr' id='par_1_29' title="bbox 237 1320 1023 1356">
     <span class='ocr_line' id='line_1_29' title="bbox 237 1320 1023 1356; baseline -0.003 -7"><span class='ocrx_word' id='word_1_199' title='bbox 237 1329 318 1349; x_wconf 89' lang='lat' dir='ltr'><strong>nemo</strong></span> <span class='ocrx_word' id='word_1_200' title='bbox 333 1326 423 1356; x_wconf 88' lang='lat' dir='ltr'><strong>potest</strong></span> <span class='ocrx_word' id='word_1_201' title='bbox 438 1329 498 1348; x_wconf 86' lang='lat' dir='ltr'><strong>esse</strong></span> <span class='ocrx_word' id='word_1_202' title='bbox 523 1320 707 1352; x_wconf 63' lang='lat' dir='ltr'><strong>Christianus,</strong></span> <span class='ocrx_word' id='word_1_203' title='bbox 724 1324 753 1346; x_wconf 94' lang='lat' dir='ltr'><strong>ut</strong></span> <span class='ocrx_word' id='word_1_204' title='bbox 772 1327 823 1347; x_wconf 90' lang='lat' dir='ltr'><strong>nec</strong></span> <span class='ocrx_word' id='word_1_205' title='bbox 844 1320 946 1355; x_wconf 87' lang='lat' dir='ltr'><strong>absque</strong></span> <span class='ocrx_word' id='word_1_206' title='bbox 961 1320 1023 1347; x_wconf 88' lang='lat' dir='ltr'><strong>fun-</strong></span> 
     </span>
    </p>
   </div>
   <div class='ocr_carea' id='block_1_30' title="bbox 236 1365 1023 1402">
    <p class='ocr_par' dir='ltr' id='par_1_30' title="bbox 236 1365 1023 1402">
     <span class='ocr_line' id='line_1_30' title="bbox 236 1365 1023 1402; baseline -0.003 -7"><span class='ocrx_word' id='word_1_207' title='bbox 236 1367 372 1395; x_wconf 86' lang='lat' dir='ltr'><strong>damentis</strong></span> <span class='ocrx_word' id='word_1_208' title='bbox 397 1370 488 1402; x_wconf 85' lang='lat' dir='ltr'><strong>potest</strong></span> <span class='ocrx_word' id='word_1_209' title='bbox 511 1366 656 1393; x_wconf 65' lang='lat' dir='ltr'><strong>aediﬁcium</strong></span> <span class='ocrx_word' id='word_1_210' title='bbox 674 1365 805 1392; x_wconf 83' lang='lat' dir='ltr'><strong>exsistere</strong></span> <span class='ocrx_word' id='word_1_211' title='bbox 819 1386 826 1397; x_wconf 95' lang='lat'><strong>,</strong></span> <span class='ocrx_word' id='word_1_212' title='bbox 846 1373 896 1392; x_wconf 90' lang='lat' dir='ltr'><strong>nec</strong></span> <span class='ocrx_word' id='word_1_213' title='bbox 920 1365 1023 1400; x_wconf 76' lang='lat' dir='ltr'><strong>absque</strong></span> 
     </span>
    </p>
   </div>
   <div class='ocr_carea' id='block_1_31' title="bbox 235 1412 1021 1449">
    <p class='ocr_par' dir='ltr' id='par_1_31' title="bbox 235 1412 1021 1449">
     <span class='ocr_line' id='line_1_31' title="bbox 235 1412 1021 1449; baseline -0.005 -7"><span class='ocrx_word' id='word_1_214' title='bbox 235 1414 377 1442; x_wconf 86' lang='lat' dir='ltr'><strong>elementis</strong></span> <span class='ocrx_word' id='word_1_215' title='bbox 407 1418 497 1449; x_wconf 83' lang='lat' dir='ltr'><strong>potest</strong></span> <span class='ocrx_word' id='word_1_216' title='bbox 531 1413 592 1448; x_wconf 88' lang='lat' dir='ltr'><strong>quis</strong></span> <span class='ocrx_word' id='word_1_217' title='bbox 629 1412 783 1439; x_wconf 86' lang='lat' dir='ltr'><strong>litterarum</strong></span> <span class='ocrx_word' id='word_1_218' title='bbox 816 1420 876 1439; x_wconf 84' lang='lat' dir='ltr'><strong>esse</strong></span> <span class='ocrx_word' id='word_1_219' title='bbox 907 1412 1021 1446; x_wconf 84' lang='lat' dir='ltr'><strong>peritus.</strong></span> 
     </span>
    </p>
   </div>
   <div class='ocr_carea' id='block_1_32' title="bbox 236 1458 1023 1499">
    <p class='ocr_par' dir='ltr' id='par_1_32' title="bbox 236 1458 1023 1499">
     <span class='ocr_line' id='line_1_32' title="bbox 236 1458 1023 1499; baseline -0.005 -12"><span class='ocrx_word' id='word_1_220' title='bbox 236 1459 289 1487; x_wconf 86' lang='lat' dir='ltr'><strong>Sed</strong></span> <span class='ocrx_word' id='word_1_221' title='bbox 313 1460 336 1488; x_wconf 90' lang='lat' dir='ltr'><strong>si</strong></span> <span class='ocrx_word' id='word_1_222' title='bbox 359 1459 420 1494; x_wconf 89' lang='lat' dir='ltr'><strong>quis</strong></span> <span class='ocrx_word' id='word_1_223' title='bbox 449 1459 521 1486; x_wconf 83' lang='lat' dir='ltr'><strong>circa</strong></span> <span class='ocrx_word' id='word_1_224' title='bbox 542 1458 676 1499; x_wconf 75' lang='lat' dir='ltr'><strong>elementa</strong></span> <span class='ocrx_word' id='word_1_225' title='bbox 692 1465 799 1492; x_wconf 86' lang='lat' dir='ltr'><strong>semper</strong></span> <span class='ocrx_word' id='word_1_226' title='bbox 825 1462 958 1490; x_wconf 79' lang='lat' dir='ltr'><strong>versetur,</strong></span> <span class='ocrx_word' id='word_1_227' title='bbox 975 1462 1023 1484; x_wconf 88' lang='lat' dir='ltr'><strong>aut</strong></span> 
     </span>
    </p>
   </div>
   <div class='ocr_carea' id='block_1_33' title="bbox 235 1503 1021 1538">
    <p class='ocr_par' dir='ltr' id='par_1_33' title="bbox 235 1503 1021 1538">
     <span class='ocr_line' id='line_1_33' title="bbox 235 1503 1021 1538; baseline -0.005 -5"><span class='ocrx_word' id='word_1_228' title='bbox 235 1506 332 1533; x_wconf 85' lang='lat' dir='ltr'><strong>itidem</strong></span> <span class='ocrx_word' id='word_1_229' title='bbox 361 1505 434 1532; x_wconf 89' lang='lat' dir='ltr'><strong>circa</strong></span> <span class='ocrx_word' id='word_1_230' title='bbox 460 1504 680 1536; x_wconf 81' lang='lat' dir='ltr'><strong>fundamentum,</strong></span> <span class='ocrx_word' id='word_1_231' title='bbox 705 1511 759 1530; x_wconf 88' lang='lat' dir='ltr'><strong>non</strong></span> <span class='ocrx_word' id='word_1_232' title='bbox 775 1503 799 1530; x_wconf 84' lang='lat' dir='ltr'><strong>ei</strong></span> <span class='ocrx_word' id='word_1_233' title='bbox 822 1503 886 1538; x_wconf 88' lang='lat' dir='ltr'><strong>quid</strong></span> <span class='ocrx_word' id='word_1_234' title='bbox 906 1503 1021 1538; x_wconf 84' lang='lat' dir='ltr'><strong>amplius</strong></span> 
     </span>
    </p>
   </div>
   <div class='ocr_carea' id='block_1_34' title="bbox 235 1549 1022 1587">
    <p class='ocr_par' dir='ltr' id='par_1_34' title="bbox 235 1549 1022 1587">
     <span class='ocr_line' id='line_1_34' title="bbox 235 1549 1022 1587; baseline -0.005 -7"><span class='ocrx_word' id='word_1_235' title='bbox 235 1553 298 1580; x_wconf 87' lang='lat' dir='ltr'><strong>erit.</strong></span> <span class='ocrx_word' id='word_1_236' title='bbox 315 1552 354 1579; x_wconf 87' lang='lat' dir='ltr'><strong>Ita</strong></span> <span class='ocrx_word' id='word_1_237' title='bbox 371 1552 441 1586; x_wconf 81' lang='lat' dir='ltr'><strong>apud</strong></span> <span class='ocrx_word' id='word_1_238' title='bbox 460 1559 510 1578; x_wconf 88' lang='lat' dir='ltr'><strong>nos</strong></span> <span class='ocrx_word' id='word_1_239' title='bbox 526 1556 631 1587; x_wconf 82' lang='lat' dir='ltr'><strong>agetur.</strong></span> <span class='ocrx_word' id='word_1_240' title='bbox 646 1550 675 1577; x_wconf 91' lang='lat' dir='ltr'><strong>Si</strong></span> <span class='ocrx_word' id='word_1_241' title='bbox 692 1557 810 1584; x_wconf 84' lang='lat' dir='ltr'><strong>namque</strong></span> <span class='ocrx_word' id='word_1_242' title='bbox 822 1549 847 1575; x_wconf 90' lang='lat' dir='ltr'><strong>in</strong></span> <span class='ocrx_word' id='word_1_243' title='bbox 866 1549 927 1576; x_wconf 88' lang='lat' dir='ltr'><strong>tidei</strong></span> <span class='ocrx_word' id='word_1_244' title='bbox 944 1549 1022 1576; x_wconf 55' lang='lat' dir='ltr'><strong>initio</strong></span> 
     </span>
    </p>
   </div>
   <div class='ocr_carea' id='block_1_35' title="bbox 235 1595 1023 1632">
    <p class='ocr_par' dir='ltr' id='par_1_35' title="bbox 235 1595 1023 1632">
     <span class='ocr_line' id='line_1_35' title="bbox 235 1595 1023 1632; baseline -0.005 -7"><span class='ocrx_word' id='word_1_245' title='bbox 235 1605 344 1632; x_wconf 84' lang='lat' dir='ltr'><strong>semper</strong></span> <span class='ocrx_word' id='word_1_246' title='bbox 362 1604 535 1628; x_wconf 81' lang='lat' dir='ltr'><strong>maneamus,</strong></span> <span class='ocrx_word' id='word_1_247' title='bbox 561 1603 702 1630; x_wconf 87' lang='lat' dir='ltr'><strong>nunquam</strong></span> <span class='ocrx_word' id='word_1_248' title='bbox 718 1595 752 1622; x_wconf 90' lang='lat' dir='ltr'><strong>ad</strong></span> <span class='ocrx_word' id='word_1_249' title='bbox 778 1595 839 1629; x_wconf 86' lang='lat' dir='ltr'><strong>ejus</strong></span> <span class='ocrx_word' id='word_1_250' title='bbox 863 1595 943 1622; x_wconf 89' lang='lat' dir='ltr'><strong>ﬁnem</strong></span> <span class='ocrx_word' id='word_1_251' title='bbox 962 1603 1023 1629; x_wconf 89' lang='lat' dir='ltr'><strong>per-</strong></span> 
     </span>
    </p>
   </div>
   <div class='ocr_carea' id='block_1_36' title="bbox 234 1641 1022 1671">
    <p class='ocr_par' dir='ltr' id='par_1_36' title="bbox 234 1641 1022 1671">
     <span class='ocr_line' id='line_1_36' title="bbox 234 1641 1022 1671; baseline -0.004 -1"><span class='ocrx_word' id='word_1_252' title='bbox 234 1644 343 1671; x_wconf 90' lang='lat' dir='ltr'><strong>venturi</strong></span> <span class='ocrx_word' id='word_1_253' title='bbox 367 1651 473 1670; x_wconf 89' lang='lat' dir='ltr'><strong>sumus.</strong></span> <span class='ocrx_word' id='word_1_254' title='bbox 495 1641 537 1669; x_wconf 85' lang='lat' dir='ltr'><strong>Tu</strong></span> <span class='ocrx_word' id='word_1_255' title='bbox 560 1650 624 1669; x_wconf 93' lang='lat' dir='ltr'><strong>vero</strong></span> <span class='ocrx_word' id='word_1_256' title='bbox 649 1649 683 1668; x_wconf 89' lang='lat' dir='ltr'><strong>ne</strong></span> <span class='ocrx_word' id='word_1_257' title='bbox 702 1641 834 1668; x_wconf 86' lang='lat' dir='ltr'><strong>arbitrere</strong></span> <span class='ocrx_word' id='word_1_258' title='bbox 855 1641 916 1668; x_wconf 89' lang='lat' dir='ltr'><strong>ideo</strong></span> <span class='ocrx_word' id='word_1_259' title='bbox 943 1641 1022 1667; x_wconf 84' lang='lat' dir='ltr'><strong>ﬁdem</strong></span> 
     </span>
    </p>
   </div>
   <div class='ocr_carea' id='block_1_37' title="bbox 235 1687 1022 1723">
    <p class='ocr_par' dir='ltr' id='par_1_37' title="bbox 235 1687 1022 1723">
     <span class='ocr_line' id='line_1_37' title="bbox 235 1687 1022 1723; baseline -0.005 -6"><span class='ocrx_word' id='word_1_260' title='bbox 235 1690 369 1717; x_wconf 82' lang='lat' dir='ltr'><strong>minorem</strong></span> <span class='ocrx_word' id='word_1_261' title='bbox 398 1689 504 1721; x_wconf 89' lang='lat' dir='ltr'><strong>haberi,</strong></span> <span class='ocrx_word' id='word_1_262' title='bbox 529 1688 593 1723; x_wconf 88' lang='lat' dir='ltr'><strong>quia</strong></span> <span class='ocrx_word' id='word_1_263' title='bbox 624 1687 787 1714; x_wconf 87' lang='lat' dir='ltr'><strong>elementum</strong></span> <span class='ocrx_word' id='word_1_264' title='bbox 813 1690 938 1714; x_wconf 82' lang='lat' dir='ltr'><strong>vocatur.</strong></span> <span class='ocrx_word' id='word_1_265' title='bbox 964 1687 1022 1721; x_wconf 90' lang='lat' dir='ltr'><strong>Ipsa</strong></span> 
     </span>
    </p>
   </div>
   <div class='ocr_carea' id='block_1_38' title="bbox 235 1731 1024 1771">
    <p class='ocr_par' dir='ltr' id='par_1_38' title="bbox 235 1731 1024 1771">
     <span class='ocr_line' id='line_1_38' title="bbox 235 1731 1024 1771; baseline -0.005 -9"><span class='ocrx_word' id='word_1_266' title='bbox 235 1735 337 1771; x_wconf 85' lang='lat' dir='ltr'><strong>quippe</strong></span> <span class='ocrx_word' id='word_1_267' title='bbox 355 1734 483 1762; x_wconf 83' lang='lat' dir='ltr'><strong>universa</strong></span> <span class='ocrx_word' id='word_1_268' title='bbox 499 1733 585 1760; x_wconf 90' lang='lat' dir='ltr'><strong>virtus</strong></span> <span class='ocrx_word' id='word_1_269' title='bbox 600 1737 652 1759; x_wconf 91' lang='lat' dir='ltr'><strong>est.</strong></span> <span class='ocrx_word' id='word_1_270' title='bbox 672 1733 740 1760; x_wconf 87' lang='lat' dir='ltr'><strong>Cum</strong></span> <span class='ocrx_word' id='word_1_271' title='bbox 762 1739 826 1767; x_wconf 79' lang='lat' dir='ltr'><strong>ergo</strong></span> <span class='ocrx_word' id='word_1_272' title='bbox 849 1733 905 1758; x_wconf 87' lang='lat' dir='ltr'><strong>ait:</strong></span> <span class='ocrx_word' id='word_1_273' title='bbox 932 1731 1024 1759; x_wconf 76' lang='lat' dir='ltr'><strong>Omnis</strong></span> 
     </span>
    </p>
   </div>
   <div class='ocr_carea' id='block_1_39' title="bbox 236 1778 1024 1817">
    <p class='ocr_par' dir='ltr' id='par_1_39' title="bbox 236 1778 1024 1817">
     <span class='ocr_line' id='line_1_39' title="bbox 236 1778 1024 1817; baseline -0.005 -9"><span class='ocrx_word' id='word_1_274' title='bbox 236 1782 282 1817; x_wconf 79' lang='lat' dir='ltr'><strong>qui</strong></span> <span class='ocrx_word' id='word_1_275' title='bbox 295 1781 372 1807; x_wconf 78' lang='lat' dir='ltr'><strong>lactis</strong></span> <span class='ocrx_word' id='word_1_276' title='bbox 389 1785 428 1807; x_wconf 74' lang='lat' dir='ltr'><strong>est</strong></span> <span class='ocrx_word' id='word_1_277' title='bbox 444 1780 585 1814; x_wconf 65' lang='lat' dir='ltr'><strong>particeps,</strong></span> <span class='ocrx_word' id='word_1_278' title='bbox 597 1787 688 1813; x_wconf 73' lang='lat' dir='ltr'><strong>expers</strong></span> <span class='ocrx_word' id='word_1_279' title='bbox 701 1783 738 1805; x_wconf 81' lang='lat' dir='ltr'><strong>est</strong></span> <span class='ocrx_word' id='word_1_280' title='bbox 752 1779 880 1805; x_wconf 76' lang='lat' dir='ltr'><strong>sermonis</strong></span> <span class='ocrx_word' id='word_1_281' title='bbox 891 1778 1024 1813; x_wconf 73' lang='lat' dir='ltr'><strong>justitim:</strong></span> 
     </span>
    </p>
   </div>
   <div class='ocr_carea' id='block_1_40' title="bbox 235 1824 1023 1862">
    <p class='ocr_par' dir='ltr' id='par_1_40' title="bbox 235 1824 1023 1862">
     <span class='ocr_line' id='line_1_40' title="bbox 235 1824 1023 1862; baseline -0.004 -8"><span class='ocrx_word' id='word_1_282' title='bbox 235 1826 360 1862; x_wconf 84' lang='lat' dir='ltr'><strong>parvulus</strong></span> <span class='ocrx_word' id='word_1_283' title='bbox 373 1827 442 1853; x_wconf 81' lang='lat' dir='ltr'><strong>enim</strong></span> <span class='ocrx_word' id='word_1_284' title='bbox 459 1831 496 1852; x_wconf 76' lang='lat' dir='ltr'><strong>est</strong></span> <span class='ocrx_word' id='word_1_285' title='bbox 508 1825 541 1858; x_wconf 87' lang='grc'>⁷³,</span> <span class='ocrx_word' id='word_1_286' title='bbox 555 1832 610 1852; x_wconf 90' lang='lat' dir='ltr'><strong>non</strong></span> <span class='ocrx_word' id='word_1_287' title='bbox 627 1825 669 1852; x_wconf 88' lang='lat' dir='ltr'><strong>lac</strong></span> <span class='ocrx_word' id='word_1_288' title='bbox 684 1825 770 1859; x_wconf 83' lang='lat' dir='ltr'><strong>ipsam</strong></span> <span class='ocrx_word' id='word_1_289' title='bbox 796 1829 875 1851; x_wconf 87' lang='lat' dir='ltr'><strong>vocat</strong></span> <span class='ocrx_word' id='word_1_290' title='bbox 890 1833 897 1851; x_wconf 91' lang='lat'>:</span> <span class='ocrx_word' id='word_1_291' title='bbox 924 1824 970 1851; x_wconf 92' lang='lat' dir='ltr'><strong>sed</strong></span> <span class='ocrx_word' id='word_1_292' title='bbox 990 1824 1023 1851; x_wconf 88' lang='lat' dir='ltr'><strong>de</strong></span> 
     </span>
    </p>
   </div>
   <div class='ocr_carea' id='block_1_41' title="bbox 236 1869 1024 1905">
    <p class='ocr_par' dir='ltr' id='par_1_41' title="bbox 236 1869 1024 1905">
     <span class='ocr_line' id='line_1_41' title="bbox 236 1869 1024 1905; baseline -0.006 -5"><span class='ocrx_word' id='word_1_293' title='bbox 236 1873 272 1900; x_wconf 90' lang='lat' dir='ltr'><strong>iis</strong></span> <span class='ocrx_word' id='word_1_294' title='bbox 287 1871 377 1900; x_wconf 86' lang='lat' dir='ltr'><strong>adhuc</strong></span> <span class='ocrx_word' id='word_1_295' title='bbox 391 1871 540 1905; x_wconf 78' lang='lat' dir='ltr'><strong>ambigere,</strong></span> <span class='ocrx_word' id='word_1_296' title='bbox 559 1870 625 1896; x_wconf 92' lang='lat' dir='ltr'><strong>illud</strong></span> <span class='ocrx_word' id='word_1_297' title='bbox 645 1873 687 1897; x_wconf 91' lang='lat' dir='ltr'><strong>est</strong></span> <span class='ocrx_word' id='word_1_298' title='bbox 703 1869 817 1896; x_wconf 62' lang='lat' dir='ltr'><strong>inﬁrmae</strong></span> <span class='ocrx_word' id='word_1_299' title='bbox 833 1869 941 1901; x_wconf 88' lang='lat' dir='ltr'><strong>mentis,</strong></span> <span class='ocrx_word' id='word_1_300' title='bbox 963 1877 1024 1903; x_wconf 77' lang='lat' dir='ltr'><strong>quae</strong></span> 
     </span>
    </p>
   </div>
   <div class='ocr_carea' id='block_1_42' title="bbox 236 1915 1023 1951">
    <p class='ocr_par' dir='ltr' id='par_1_42' title="bbox 236 1915 1023 1951">
     <span class='ocr_line' id='line_1_42' title="bbox 236 1915 1023 1951; baseline -0.005 -6"><span class='ocrx_word' id='word_1_301' title='bbox 236 1918 331 1945; x_wconf 85' lang='lat' dir='ltr'><strong>multis</strong></span> <span class='ocrx_word' id='word_1_302' title='bbox 343 1916 517 1945; x_wconf 85' lang='lat' dir='ltr'><strong>sermonibus</strong></span> <span class='ocrx_word' id='word_1_303' title='bbox 536 1919 622 1951; x_wconf 77' lang='lat' dir='ltr'><strong>egeat.</strong></span> <span class='ocrx_word' id='word_1_304' title='bbox 641 1915 704 1942; x_wconf 66' lang='lat' dir='ltr'><strong>&quot;me</strong></span> <span class='ocrx_word' id='word_1_305' title='bbox 718 1915 791 1942; x_wconf 92' lang='lat' dir='ltr'><strong>enim</strong></span> <span class='ocrx_word' id='word_1_306' title='bbox 808 1915 935 1949; x_wconf 84' lang='lat' dir='ltr'><strong>dogmata</strong></span> <span class='ocrx_word' id='word_1_307' title='bbox 958 1922 1023 1941; x_wconf 91' lang='lat' dir='ltr'><strong>sana</strong></span> 
     </span>
    </p>
   </div>
   <div class='ocr_carea' id='block_1_43' title="bbox 237 1960 1024 1996">
    <p class='ocr_par' dir='ltr' id='par_1_43' title="bbox 237 1960 1024 1996">
     <span class='ocr_line' id='line_1_43' title="bbox 237 1960 1024 1996; baseline -0.004 -5"><span class='ocrx_word' id='word_1_308' title='bbox 237 1968 265 1991; x_wconf 88' lang='lat' dir='ltr'><strong>et</strong></span> <span class='ocrx_word' id='word_1_309' title='bbox 279 1968 352 1991; x_wconf 85' lang='lat' dir='ltr'><strong>recta</strong></span> <span class='ocrx_word' id='word_1_310' title='bbox 369 1967 452 1990; x_wconf 90' lang='lat' dir='ltr'><strong>sunt:</strong></span> <span class='ocrx_word' id='word_1_311' title='bbox 478 1962 554 1989; x_wconf 92' lang='lat' dir='ltr'><strong>illum</strong></span> <span class='ocrx_word' id='word_1_312' title='bbox 578 1969 697 1996; x_wconf 88' lang='lat' dir='ltr'><strong>namque</strong></span> <span class='ocrx_word' id='word_1_313' title='bbox 722 1960 872 1996; x_wconf 88' lang='lat' dir='ltr'><strong>perfectum</strong></span> <span class='ocrx_word' id='word_1_314' title='bbox 895 1968 1024 1988; x_wconf 88' lang='lat' dir='ltr'><strong>vocamus</strong></span> 
     </span>
    </p>
   </div>
   <div class='ocr_carea' id='block_1_44' title="bbox 237 2006 1025 2045">
    <p class='ocr_par' dir='ltr' id='par_1_44' title="bbox 237 2006 1025 2045">
     <span class='ocr_line' id='line_1_44' title="bbox 237 2006 1025 2045; baseline -0.005 -8"><span class='ocrx_word' id='word_1_315' title='bbox 237 2010 285 2045; x_wconf 92' lang='lat' dir='ltr'><strong>qui</strong></span> <span class='ocrx_word' id='word_1_316' title='bbox 301 2017 363 2037; x_wconf 89' lang='lat' dir='ltr'><strong>cum</strong></span> <span class='ocrx_word' id='word_1_317' title='bbox 381 2009 433 2036; x_wconf 90' lang='lat' dir='ltr'><strong>ﬁde</strong></span> <span class='ocrx_word' id='word_1_318' title='bbox 451 2009 565 2044; x_wconf 90' lang='lat' dir='ltr'><strong>probam</strong></span> <span class='ocrx_word' id='word_1_319' title='bbox 578 2008 654 2035; x_wconf 82' lang='lat' dir='ltr'><strong>ducit</strong></span> <span class='ocrx_word' id='word_1_320' title='bbox 667 2008 761 2034; x_wconf 89' lang='lat' dir='ltr'><strong>vitam.</strong></span> <span class='ocrx_word' id='word_1_321' title='bbox 777 2006 855 2040; x_wconf 89' lang='lat' dir='ltr'><strong>Quod</strong></span> <span class='ocrx_word' id='word_1_322' title='bbox 877 2006 900 2033; x_wconf 90' lang='lat' dir='ltr'><strong>si</strong></span> <span class='ocrx_word' id='word_1_323' title='bbox 919 2006 981 2041; x_wconf 90' lang='lat' dir='ltr'><strong>quis</strong></span> <span class='ocrx_word' id='word_1_324' title='bbox 993 2006 1025 2033; x_wconf 90' lang='lat' dir='ltr'><strong>ﬁ-</strong></span> 
     </span>
    </p>
   </div>
   <div class='ocr_carea' id='block_1_45' title="bbox 237 2053 1024 2089">
    <p class='ocr_par' dir='ltr' id='par_1_45' title="bbox 237 2053 1024 2089">
     <span class='ocr_line' id='line_1_45' title="bbox 237 2053 1024 2089; baseline -0.006 -5"><span class='ocrx_word' id='word_1_325' title='bbox 237 2057 300 2084; x_wconf 91' lang='lat' dir='ltr'><strong>dem</strong></span> <span class='ocrx_word' id='word_1_326' title='bbox 327 2055 430 2083; x_wconf 84' lang='lat' dir='ltr'><strong>habens</strong></span> <span class='ocrx_word' id='word_1_327' title='bbox 448 2054 521 2082; x_wconf 88' lang='lat' dir='ltr'><strong>mala</strong></span> <span class='ocrx_word' id='word_1_328' title='bbox 547 2058 703 2089; x_wconf 88' lang='lat' dir='ltr'><strong>perpetrat,</strong></span> <span class='ocrx_word' id='word_1_329' title='bbox 721 2054 776 2081; x_wconf 89' lang='lat' dir='ltr'><strong>imo</strong></span> <span class='ocrx_word' id='word_1_330' title='bbox 800 2053 834 2080; x_wconf 88' lang='lat' dir='ltr'><strong>de</strong></span> <span class='ocrx_word' id='word_1_331' title='bbox 859 2053 918 2087; x_wconf 86' lang='lat' dir='ltr'><strong>ipsa</strong></span> <span class='ocrx_word' id='word_1_332' title='bbox 941 2053 1024 2080; x_wconf 89' lang='lat' dir='ltr'><strong>etiam</strong></span> 
     </span>
    </p>
   </div>
   <div class='ocr_carea' id='block_1_46' title="bbox 238 2101 1024 2139">
    <p class='ocr_par' dir='ltr' id='par_1_46' title="bbox 238 2101 1024 2139">
     <span class='ocr_line' id='line_1_46' title="bbox 238 2101 1024 2139; baseline -0.006 -7"><span class='ocrx_word' id='word_1_333' title='bbox 238 2104 290 2131; x_wconf 89' lang='lat' dir='ltr'><strong>ﬁde</strong></span> <span class='ocrx_word' id='word_1_334' title='bbox 304 2103 426 2139; x_wconf 82' lang='lat' dir='ltr'><strong>ambigit,</strong></span> <span class='ocrx_word' id='word_1_335' title='bbox 444 2102 652 2137; x_wconf 89' lang='lat' dir='ltr'><strong>doctrinamque</strong></span> <span class='ocrx_word' id='word_1_336' title='bbox 668 2101 750 2129; x_wconf 86' lang='lat' dir='ltr'><strong>allicit</strong></span> <span class='ocrx_word' id='word_1_337' title='bbox 771 2101 946 2133; x_wconf 89' lang='lat' dir='ltr'><strong>contumelia,</strong></span> <span class='ocrx_word' id='word_1_338' title='bbox 962 2108 1024 2127; x_wconf 90' lang='lat' dir='ltr'><strong>eum</strong></span> 
     </span>
    </p>
   </div>
   <div class='ocr_carea' id='block_1_47' title="bbox 236 2145 1024 2184">
    <p class='ocr_par' dir='ltr' id='par_1_47' title="bbox 236 2145 1024 2184">
     <span class='ocr_line' id='line_1_47' title="bbox 236 2145 1024 2184; baseline -0.006 -7"><span class='ocrx_word' id='word_1_339' title='bbox 236 2149 298 2184; x_wconf 79' lang='lat' dir='ltr'><strong>jure</strong></span> <span class='ocrx_word' id='word_1_340' title='bbox 313 2157 345 2176; x_wconf 84' lang='lat' dir='ltr'><strong>ac</strong></span> <span class='ocrx_word' id='word_1_341' title='bbox 368 2148 467 2176; x_wconf 91' lang='lat' dir='ltr'><strong>merito</strong></span> <span class='ocrx_word' id='word_1_342' title='bbox 486 2147 616 2175; x_wconf 81' lang='lat' dir='ltr'><strong>infantem</strong></span> <span class='ocrx_word' id='word_1_343' title='bbox 635 2154 764 2174; x_wconf 85' lang='lat' dir='ltr'><strong>vocemus</strong></span> <span class='ocrx_word' id='word_1_344' title='bbox 776 2167 783 2179; x_wconf 94' lang='lat'><strong>,</strong></span> <span class='ocrx_word' id='word_1_345' title='bbox 808 2150 902 2181; x_wconf 87' lang='lat' dir='ltr'><strong>utpote</strong></span> <span class='ocrx_word' id='word_1_346' title='bbox 918 2145 965 2181; x_wconf 90' lang='lat' dir='ltr'><strong>qui</strong></span> <span class='ocrx_word' id='word_1_347' title='bbox 991 2145 1024 2172; x_wconf 89' lang='lat' dir='ltr'><strong>ad</strong></span> 
     </span>
    </p>
   </div>
   <div class='ocr_carea' id='block_1_48' title="bbox 238 2192 1024 2228">
    <p class='ocr_par' dir='ltr' id='par_1_48' title="bbox 238 2192 1024 2228">
     <span class='ocr_line' id='line_1_48' title="bbox 238 2192 1024 2228; baseline -0.004 -7"><span class='ocrx_word' id='word_1_348' title='bbox 238 2194 347 2222; x_wconf 89' lang='lat' dir='ltr'><strong>initium</strong></span> <span class='ocrx_word' id='word_1_349' title='bbox 369 2199 502 2221; x_wconf 72' lang='lat' dir='ltr'><strong>recurrat.</strong></span> <span class='ocrx_word' id='word_1_350' title='bbox 527 2193 619 2228; x_wconf 86' lang='lat' dir='ltr'><strong>Itaque</strong></span> <span class='ocrx_word' id='word_1_351' title='bbox 642 2192 748 2219; x_wconf 87' lang='lat' dir='ltr'><strong>etiamsi</strong></span> <span class='ocrx_word' id='word_1_352' title='bbox 769 2197 911 2219; x_wconf 85' lang='lat' dir='ltr'><strong>sexcentos</strong></span> <span class='ocrx_word' id='word_1_353' title='bbox 938 2199 1024 2218; x_wconf 86' lang='lat' dir='ltr'><strong>annos</strong></span> 
     </span>
    </p>
   </div>
   <div class='ocr_carea' id='block_1_49' title="bbox 1077 263 1862 300">
    <p class='ocr_par' dir='ltr' id='par_1_49' title="bbox 1077 263 1862 300">
     <span class='ocr_line' id='line_1_49' title="bbox 1077 263 1862 300; baseline 0 -11"><span class='ocrx_word' id='word_1_354' title='bbox 1077 272 1130 300; x_wconf 77' lang='grc' dir='ltr'><strong>περ</strong></span> <span class='ocrx_word' id='word_1_355' title='bbox 1143 263 1195 299; x_wconf 80' lang='grc' dir='ltr'>γὰρ</span> <span class='ocrx_word' id='word_1_356' title='bbox 1205 263 1249 290; x_wconf 79' lang='grc' dir='ltr'><strong>τὸν</strong></span> <span class='ocrx_word' id='word_1_357' title='bbox 1264 264 1303 295; x_wconf 83' lang='grc' dir='ltr'>εἰς</span> <span class='ocrx_word' id='word_1_358' title='bbox 1315 263 1363 299; x_wconf 84' lang='grc' dir='ltr'>τὴν</span> <span class='ocrx_word' id='word_1_359' title='bbox 1382 263 1498 299; x_wconf 75' lang='grc' dir='ltr'>μάθησιν</span> <span class='ocrx_word' id='word_1_360' title='bbox 1514 263 1568 290; x_wconf 85' lang='grc' dir='ltr'><strong>τῶν</strong></span> <span class='ocrx_word' id='word_1_361' title='bbox 1583 263 1752 299; x_wconf 83' lang='grc' dir='ltr'><strong>γραμμάτων</strong></span> <span class='ocrx_word' id='word_1_362' title='bbox 1771 264 1862 298; x_wconf 71' lang='grc' dir='ltr'>εἰσερ-</span> 
     </span>
    </p>
   </div>
   <div class='ocr_carea' id='block_1_50' title="bbox 1076 309 1863 345">
    <p class='ocr_par' dir='ltr' id='par_1_50' title="bbox 1076 309 1863 345">
     <span class='ocr_line' id='line_1_50' title="bbox 1076 309 1863 345; baseline 0 -10"><span class='ocrx_word' id='word_1_363' title='bbox 1076 309 1190 344; x_wconf 75' lang='grc' dir='ltr'>χόμενον</span> <span class='ocrx_word' id='word_1_364' title='bbox 1203 309 1236 336; x_wconf 80' lang='grc' dir='ltr'>τὰ</span> <span class='ocrx_word' id='word_1_365' title='bbox 1250 311 1367 344; x_wconf 83' lang='grc' dir='ltr'>στοιχεῖα</span> <span class='ocrx_word' id='word_1_366' title='bbox 1380 309 1419 335; x_wconf 87' lang='grc' dir='ltr'>δεῖ</span> <span class='ocrx_word' id='word_1_367' title='bbox 1432 309 1540 345; x_wconf 78' lang='grc' dir='ltr'>πρῶτον</span> <span class='ocrx_word' id='word_1_368' title='bbox 1562 309 1677 336; x_wconf 81' lang='grc' dir='ltr'>ἀκοῦσαι</span> <span class='ocrx_word' id='word_1_369' title='bbox 1689 329 1696 340; x_wconf 86' lang='grc'><strong>,</strong></span> <span class='ocrx_word' id='word_1_370' title='bbox 1723 309 1796 336; x_wconf 74' lang='grc' dir='ltr'>οὕτω</span> <span class='ocrx_word' id='word_1_371' title='bbox 1818 309 1863 335; x_wconf 69' lang='grc' dir='ltr'>καὶ</span> 
     </span>
    </p>
   </div>
   <div class='ocr_carea' id='block_1_51' title="bbox 1076 354 1861 390">
    <p class='ocr_par' dir='ltr' id='par_1_51' title="bbox 1076 354 1861 390">
     <span class='ocr_line' id='line_1_51' title="bbox 1076 354 1861 390; baseline 0 -10"><span class='ocrx_word' id='word_1_372' title='bbox 1076 354 1121 380; x_wconf 78' lang='grc' dir='ltr'>τὸν</span> <span class='ocrx_word' id='word_1_373' title='bbox 1136 354 1296 389; x_wconf 77' lang='grc' dir='ltr'><strong>Χριστιανὸν</strong></span> <span class='ocrx_word' id='word_1_374' title='bbox 1313 354 1399 381; x_wconf 84' lang='grc' dir='ltr'>ταῦτα</span> <span class='ocrx_word' id='word_1_375' title='bbox 1415 354 1513 381; x_wconf 71' lang='grc' dir='ltr'>ειδέναι</span> <span class='ocrx_word' id='word_1_376' title='bbox 1534 355 1656 390; x_wconf 76' lang='grc' dir='ltr'>ἀκριϐῶς</span> <span class='ocrx_word' id='word_1_377' title='bbox 1673 355 1783 390; x_wconf 81' lang='grc' dir='ltr'>πρῶτον</span> <span class='ocrx_word' id='word_1_378' title='bbox 1801 355 1861 390; x_wconf 80' lang='grc' dir='ltr'>χρὴ,</span> 
     </span>
    </p>
   </div>
   <div class='ocr_carea' id='block_1_52' title="bbox 1076 399 1863 436">
    <p class='ocr_par' dir='ltr' id='par_1_52' title="bbox 1076 399 1863 436">
     <span class='ocr_line' id='line_1_52' title="bbox 1076 399 1863 436; baseline 0.001 -10"><span class='ocrx_word' id='word_1_379' title='bbox 1076 400 1122 426; x_wconf 71' lang='grc' dir='ltr'><strong>καὶ</strong></span> <span class='ocrx_word' id='word_1_380' title='bbox 1139 400 1205 434; x_wconf 79' lang='grc' dir='ltr'>μηδὲ</span> <span class='ocrx_word' id='word_1_381' title='bbox 1221 400 1402 435; x_wconf 74' lang='grc' dir='ltr'>ἀμφιδάλλειν</span> <span class='ocrx_word' id='word_1_382' title='bbox 1415 401 1479 436; x_wconf 81' lang='grc' dir='ltr'>περὶ</span> <span class='ocrx_word' id='word_1_383' title='bbox 1499 401 1597 428; x_wconf 75' lang='grc' dir='ltr'>αὐτῶν.</span> <span class='ocrx_word' id='word_1_384' title='bbox 1616 401 1646 427; x_wconf 78' lang='grc' dir='ltr'><strong>Εἰ</strong></span> <span class='ocrx_word' id='word_1_385' title='bbox 1660 401 1687 428; x_wconf 78' lang='grc' dir='ltr'><strong>δὲ</strong></span> <span class='ocrx_word' id='word_1_386' title='bbox 1706 401 1793 427; x_wconf 79' lang='grc' dir='ltr'>δέοιτο</span> <span class='ocrx_word' id='word_1_387' title='bbox 1805 399 1863 427; x_wconf 76' lang='grc' dir='ltr'><strong>’πά-</strong></span> 
     </span>
    </p>
   </div>
   <div class='ocr_carea' id='block_1_53' title="bbox 1075 446 1863 483">
    <p class='ocr_par' dir='ltr' id='par_1_53' title="bbox 1075 446 1863 483">
     <span class='ocr_line' id='line_1_53' title="bbox 1075 446 1863 483; baseline 0.003 -11"><span class='ocrx_word' id='word_1_388' title='bbox 1075 446 1117 472; x_wconf 83' lang='grc' dir='ltr'><strong>λιν</strong></span> <span class='ocrx_word' id='word_1_389' title='bbox 1134 446 1322 479; x_wconf 68' lang='grc' dir='ltr'><strong>διδασκαλίαν,</strong></span> <span class='ocrx_word' id='word_1_390' title='bbox 1339 447 1414 473; x_wconf 69' lang='grc' dir='ltr'>οὔπω</span> <span class='ocrx_word' id='word_1_391' title='bbox 1436 448 1481 474; x_wconf 73' lang='grc' dir='ltr'><strong>τὸν</strong></span> <span class='ocrx_word' id='word_1_392' title='bbox 1505 447 1627 482; x_wconf 76' lang='grc' dir='ltr'><strong>θεμέλιον</strong></span> <span class='ocrx_word' id='word_1_393' title='bbox 1647 447 1712 482; x_wconf 72' lang='grc' dir='ltr'>ἔχει.</span> <span class='ocrx_word' id='word_1_394' title='bbox 1739 448 1794 474; x_wconf 73' lang='grc' dir='ltr'><strong>Τὸν</strong></span> <span class='ocrx_word' id='word_1_395' title='bbox 1811 447 1863 483; x_wconf 73' lang='grc' dir='ltr'>γὰρ</span> 
     </span>
    </p>
   </div>
   <div class='ocr_carea' id='block_1_54' title="bbox 1076 493 1863 529">
    <p class='ocr_par' dir='ltr' id='par_1_54' title="bbox 1076 493 1863 529">
     <span class='ocr_line' id='line_1_54' title="bbox 1076 493 1863 529; baseline 0.001 -10"><span class='ocrx_word' id='word_1_396' title='bbox 1076 493 1181 529; x_wconf 77' lang='grc' dir='ltr'>ἑδραῖον</span> <span class='ocrx_word' id='word_1_397' title='bbox 1202 494 1356 528; x_wconf 77' lang='grc' dir='ltr'><strong>πεπηγέναι</strong></span> <span class='ocrx_word' id='word_1_398' title='bbox 1374 494 1425 529; x_wconf 83' lang='grc' dir='ltr'><strong>χρὴ</strong></span> <span class='ocrx_word' id='word_1_399' title='bbox 1447 494 1494 520; x_wconf 72' lang='grc' dir='ltr'><strong>καὶ</strong></span> <span class='ocrx_word' id='word_1_400' title='bbox 1512 494 1631 524; x_wconf 72' lang='grc' dir='ltr'>ἑστάναι,</span> <span class='ocrx_word' id='word_1_401' title='bbox 1656 495 1703 520; x_wconf 87' lang='grc' dir='ltr'>κα¹ι</span> <span class='ocrx_word' id='word_1_402' title='bbox 1724 494 1762 529; x_wconf 84' lang='grc' dir='ltr'>μὴ</span> <span class='ocrx_word' id='word_1_403' title='bbox 1784 503 1863 528; x_wconf 84' lang='grc' dir='ltr'>μετα-</span> 
     </span>
    </p>
   </div>
   <div class='ocr_carea' id='block_1_55' title="bbox 1075 538 1864 574">
    <p class='ocr_par' dir='ltr' id='par_1_55' title="bbox 1075 538 1864 574">
     <span class='ocr_line' id='line_1_55' title="bbox 1075 538 1864 574; baseline 0.001 -10"><span class='ocrx_word' id='word_1_404' title='bbox 1075 538 1219 566; x_wconf 77' lang='grc' dir='ltr'>κινεῖσθαι.</span> <span class='ocrx_word' id='word_1_405' title='bbox 1236 539 1266 564; x_wconf 81' lang='grc' dir='ltr'>ΕΙ</span> <span class='ocrx_word' id='word_1_406' title='bbox 1286 539 1314 565; x_wconf 79' lang='grc' dir='ltr'>δὲ</span> <span class='ocrx_word' id='word_1_407' title='bbox 1331 539 1422 574; x_wconf 88' lang='grc' dir='ltr'>μέλλοι</span> <span class='ocrx_word' id='word_1_408' title='bbox 1437 548 1478 571; x_wconf 80' lang='grc' dir='ltr'><strong>τις</strong></span> <span class='ocrx_word' id='word_1_409' title='bbox 1491 560 1498 572; x_wconf 85' lang='grc'><strong>,</strong></span> <span class='ocrx_word' id='word_1_410' title='bbox 1513 539 1679 574; x_wconf 71' lang='grc' dir='ltr'>κατηχηθεὶς</span> <span class='ocrx_word' id='word_1_411' title='bbox 1700 540 1748 565; x_wconf 70' lang='grc' dir='ltr'>καὶ</span> <span class='ocrx_word' id='word_1_412' title='bbox 1765 539 1864 574; x_wconf 76' lang='grc' dir='ltr'>βαπτι-</span> 
     </span>
    </p>
   </div>
   <div class='ocr_carea' id='block_1_56' title="bbox 1077 584 1863 621">
    <p class='ocr_par' dir='ltr' id='par_1_56' title="bbox 1077 584 1863 621">
     <span class='ocr_line' id='line_1_56' title="bbox 1077 584 1863 621; baseline -0.001 -10"><span class='ocrx_word' id='word_1_413' title='bbox 1077 584 1159 616; x_wconf 74' lang='grc' dir='ltr'>σθεὶς,</span> <span class='ocrx_word' id='word_1_414' title='bbox 1184 584 1252 620; x_wconf 79' lang='grc' dir='ltr'>μετὰ</span> <span class='ocrx_word' id='word_1_415' title='bbox 1274 585 1320 620; x_wconf 87' lang='grc' dir='ltr'>ἕτη</span> <span class='ocrx_word' id='word_1_416' title='bbox 1345 585 1411 612; x_wconf 82' lang='grc' dir='ltr'><strong>δέκα</strong></span> <span class='ocrx_word' id='word_1_417' title='bbox 1430 586 1493 621; x_wconf 77' lang='grc' dir='ltr'>περὶ</span> <span class='ocrx_word' id='word_1_418' title='bbox 1515 585 1632 617; x_wconf 79' lang='grc' dir='ltr'>πίστεως</span> <span class='ocrx_word' id='word_1_419' title='bbox 1647 584 1726 611; x_wconf 77' lang='grc' dir='ltr'>πάλιν</span> <span class='ocrx_word' id='word_1_420' title='bbox 1741 584 1863 616; x_wconf 81' lang='grc' dir='ltr'>ἀκούειν,</span> 
     </span>
    </p>
   </div>
   <div class='ocr_carea' id='block_1_57' title="bbox 1075 629 1864 666">
    <p class='ocr_par' dir='ltr' id='par_1_57' title="bbox 1075 629 1864 666">
     <span class='ocr_line' id='line_1_57' title="bbox 1075 629 1864 666; baseline 0 -10"><span class='ocrx_word' id='word_1_421' title='bbox 1075 631 1121 656; x_wconf 78' lang='grc' dir='ltr'>καὶ</span> <span class='ocrx_word' id='word_1_422' title='bbox 1141 631 1180 656; x_wconf 77' lang='grc' dir='ltr'>ὅτι</span> <span class='ocrx_word' id='word_1_423' title='bbox 1194 631 1341 657; x_wconf 66' lang='grc' dir='ltr'>πιστεῦσαι</span> <span class='ocrx_word' id='word_1_424' title='bbox 1359 631 1410 666; x_wconf 78' lang='grc' dir='ltr'><strong>χρὴ</strong></span> <span class='ocrx_word' id='word_1_425' title='bbox 1433 632 1472 662; x_wconf 83' lang='grc' dir='ltr'>εὶς</span> <span class='ocrx_word' id='word_1_426' title='bbox 1489 631 1637 657; x_wconf 75' lang='grc' dir='ltr'>ἀνάστασιν</span> <span class='ocrx_word' id='word_1_427' title='bbox 1656 629 1772 666; x_wconf 79' lang='grc' dir='ltr'>νεκρῶν,</span> <span class='ocrx_word' id='word_1_428' title='bbox 1789 630 1864 656; x_wconf 73' lang='grc' dir='ltr'>οὔπω</span> 
     </span>
    </p>
   </div>
   <div class='ocr_carea' id='block_1_58' title="bbox 1075 670 1864 712">
    <p class='ocr_par' dir='ltr' id='par_1_58' title="bbox 1075 670 1864 712">
     <span class='ocr_line' id='line_1_58' title="bbox 1075 670 1864 712; baseline 0.001 -11"><span class='ocrx_word' id='word_1_429' title='bbox 1075 676 1120 701; x_wconf 74' lang='grc' dir='ltr'><strong>τὸν</strong></span> <span class='ocrx_word' id='word_1_430' title='bbox 1142 676 1264 711; x_wconf 80' lang='grc' dir='ltr'><strong>θεμέλιον</strong></span> <span class='ocrx_word' id='word_1_431' title='bbox 1288 676 1361 711; x_wconf 76' lang='grc' dir='ltr'>ἔχει’</span> <span class='ocrx_word' id='word_1_432' title='bbox 1380 676 1461 703; x_wconf 82' lang='grc' dir='ltr'>πάλιν</span> <span class='ocrx_word' id='word_1_433' title='bbox 1486 670 1535 712; x_wconf 83' lang='grc' dir='ltr'><strong>τὴν</strong></span> <span class='ocrx_word' id='word_1_434' title='bbox 1557 676 1644 711; x_wconf 76' lang='grc' dir='ltr'>ἀρχὴν</span> <span class='ocrx_word' id='word_1_435' title='bbox 1661 675 1708 702; x_wconf 81' lang='grc' dir='ltr'>τοῦ</span> <span class='ocrx_word' id='word_1_436' title='bbox 1733 676 1864 711; x_wconf 81' lang='grc' dir='ltr'>Χριστια-</span> 
     </span>
    </p>
   </div>
   <div class='ocr_carea' id='block_1_59' title="bbox 1075 721 1864 758">
    <p class='ocr_par' dir='ltr' id='par_1_59' title="bbox 1075 721 1864 758">
     <span class='ocr_line' id='line_1_59' title="bbox 1075 721 1864 758; baseline -0.001 -10"><span class='ocrx_word' id='word_1_437' title='bbox 1075 722 1172 757; x_wconf 76' lang='grc' dir='ltr'>νισμοῦ</span> <span class='ocrx_word' id='word_1_438' title='bbox 1196 722 1281 757; x_wconf 78' lang='grc' dir='ltr'>ζητεῖ.</span> <span class='ocrx_word' id='word_1_439' title='bbox 1301 723 1363 748; x_wconf 83' lang='grc' dir='ltr'>Ὅτι</span> <span class='ocrx_word' id='word_1_440' title='bbox 1389 722 1443 758; x_wconf 82' lang='grc' dir='ltr'>γὰρ</span> <span class='ocrx_word' id='word_1_441' title='bbox 1471 723 1487 758; x_wconf 86' lang='grc' dir='ltr'>ἡ</span> <span class='ocrx_word' id='word_1_442' title='bbox 1511 721 1601 753; x_wconf 78' lang='grc' dir='ltr'><strong>πίστις</strong></span> <span class='ocrx_word' id='word_1_443' title='bbox 1617 721 1739 757; x_wconf 82' lang='grc' dir='ltr'><strong>θεμέλιος</strong></span> <span class='ocrx_word' id='word_1_444' title='bbox 1754 741 1762 753; x_wconf 87' lang='grc'><strong>,</strong></span> <span class='ocrx_word' id='word_1_445' title='bbox 1791 721 1864 748; x_wconf 70' lang='grc' dir='ltr'>τὸδὲ</span> 
     </span>
    </p>
   </div>
   <div class='ocr_carea' id='block_1_60' title="bbox 1074 767 1865 804">
    <p class='ocr_par' dir='ltr' id='par_1_60' title="bbox 1074 767 1865 804">
     <span class='ocr_line' id='line_1_60' title="bbox 1074 767 1865 804; baseline -0.003 -9"><span class='ocrx_word' id='word_1_446' title='bbox 1074 769 1167 796; x_wconf 74' lang='grc' dir='ltr'>λοιπὸν</span> <span class='ocrx_word' id='word_1_447' title='bbox 1188 769 1333 804; x_wconf 75' lang='grc' dir='ltr'>οἰκοδομεῖ,</span> <span class='ocrx_word' id='word_1_448' title='bbox 1351 769 1431 795; x_wconf 76' lang='grc' dir='ltr'>ἄκουε</span> <span class='ocrx_word' id='word_1_449' title='bbox 1449 767 1532 794; x_wconf 76' lang='grc' dir='ltr'>αὐτοῦ</span> <span class='ocrx_word' id='word_1_450' title='bbox 1554 767 1678 801; x_wconf 84' lang='grc' dir='ltr'>λέγοντος</span> <span class='ocrx_word' id='word_1_451' title='bbox 1692 776 1698 782; x_wconf 67' lang='grc'><strong>⁷</strong></span> <span class='ocrx_word' id='word_1_452' title='bbox 1721 767 1800 801; x_wconf 72' lang='grc' dir='ltr'><strong>Ἐγὼ</strong></span> <span class='ocrx_word' id='word_1_453' title='bbox 1821 769 1865 794; x_wconf 71' lang='grc' dir='ltr'>θεο</span> 
     </span>
    </p>
   </div>
   <div class='ocr_carea' id='block_1_61' title="bbox 1072 812 1863 846">
    <p class='ocr_par' dir='ltr' id='par_1_61' title="bbox 1072 812 1863 846">
     <span class='ocr_line' id='line_1_61' title="bbox 1072 812 1863 846; baseline 0 -8"><span class='ocrx_word' id='word_1_454' title='bbox 1072 812 1179 846; x_wconf 74' lang='grc' dir='ltr'>μὲλιον</span> <span class='ocrx_word' id='word_1_455' title='bbox 1192 814 1308 839; x_wconf 78' lang='grc' dir='ltr'>τέθεικα</span> <span class='ocrx_word' id='word_1_456' title='bbox 1325 821 1330 826; x_wconf 94' lang='grc'>·</span> <span class='ocrx_word' id='word_1_457' title='bbox 1349 813 1445 845; x_wconf 76' lang='grc' dir='ltr'>ἄλλος</span> <span class='ocrx_word' id='word_1_458' title='bbox 1463 812 1656 846; x_wconf 80' lang='grc' dir='ltr'>ἐποικοδομεῖ.</span> <span class='ocrx_word' id='word_1_459' title='bbox 1678 812 1710 838; x_wconf 85' lang='grc' dir='ltr'>Τί</span> <span class='ocrx_word' id='word_1_460' title='bbox 1731 812 1761 838; x_wconf 83' lang='grc' dir='ltr'><em>δέ</em></span> <span class='ocrx_word' id='word_1_461' title='bbox 1780 813 1863 843; x_wconf 71' lang='grc' dir='ltr'>ἐστιν,</span> 
     </span>
    </p>
   </div>
   <div class='ocr_carea' id='block_1_62' title="bbox 1082 857 1865 893">
    <p class='ocr_par' dir='ltr' id='par_1_62' title="bbox 1082 857 1865 893">
     <span class='ocr_line' id='line_1_62' title="bbox 1082 857 1865 893; baseline -0.001 -9"><span class='ocrx_word' id='word_1_462' title='bbox 1082 858 1147 884; x_wconf 76' lang='grc' dir='ltr'><strong>Ἐπὶ</strong></span> <span class='ocrx_word' id='word_1_463' title='bbox 1161 857 1218 891; x_wconf 77' lang='grc' dir='ltr'>τὴν</span> <span class='ocrx_word' id='word_1_464' title='bbox 1232 859 1403 892; x_wconf 73' lang='grc' dir='ltr'><strong>τελειότητα</strong></span> <span class='ocrx_word' id='word_1_465' title='bbox 1417 857 1588 892; x_wconf 54' lang='grc' dir='ltr'>φερώμεθιη</span> <span class='ocrx_word' id='word_1_466' title='bbox 1612 857 1684 893; x_wconf 76' lang='grc' dir='ltr'>Πρὸς</span> <span class='ocrx_word' id='word_1_467' title='bbox 1704 857 1794 893; x_wconf 79' lang='grc' dir='ltr'>αὐτὴν</span> <span class='ocrx_word' id='word_1_468' title='bbox 1814 866 1865 892; x_wconf 81' lang='grc' dir='ltr'>χω-</span> 
     </span>
    </p>
   </div>
   <div class='ocr_carea' id='block_1_63' title="bbox 1076 903 1864 940">
    <p class='ocr_par' dir='ltr' id='par_1_63' title="bbox 1076 903 1864 940">
     <span class='ocr_line' id='line_1_63' title="bbox 1076 903 1864 940; baseline 0.001 -11"><span class='ocrx_word' id='word_1_469' title='bbox 1076 903 1166 939; x_wconf 86' lang='grc' dir='ltr'>ρῶμεν</span> <span class='ocrx_word' id='word_1_470' title='bbox 1176 903 1278 935; x_wconf 74' lang='grc' dir='ltr'>λοιπὸν,</span> <span class='ocrx_word' id='word_1_471' title='bbox 1292 904 1369 938; x_wconf 73' lang='grc' dir='ltr'>φησὶ,</span> <span class='ocrx_word' id='word_1_472' title='bbox 1386 904 1435 940; x_wconf 85' lang='grc' dir='ltr'>τὴν</span> <span class='ocrx_word' id='word_1_473' title='bbox 1452 905 1562 940; x_wconf 75' lang='grc' dir='ltr'>ὀροφὴν,</span> <span class='ocrx_word' id='word_1_474' title='bbox 1577 904 1712 935; x_wconf 73' lang='grc' dir='ltr'><strong>τουτέστι,</strong></span> <span class='ocrx_word' id='word_1_475' title='bbox 1729 903 1791 938; x_wconf 76' lang='grc' dir='ltr'>βίον</span> <span class='ocrx_word' id='word_1_476' title='bbox 1805 904 1864 940; x_wconf 74' lang='grc' dir='ltr'>ἄρι-</span> 
     </span>
    </p>
   </div>
   <div class='ocr_carea' id='block_1_64' title="bbox 1077 949 1865 986">
    <p class='ocr_par' dir='ltr' id='par_1_64' title="bbox 1077 949 1865 986">
     <span class='ocr_line' id='line_1_64' title="bbox 1077 949 1865 986; baseline 0.001 -12"><span class='ocrx_word' id='word_1_477' title='bbox 1077 957 1138 974; x_wconf 84' lang='grc' dir='ltr'>στον</span> <span class='ocrx_word' id='word_1_478' title='bbox 1161 949 1277 984; x_wconf 77' lang='grc' dir='ltr'>ἔχωμεν.</span> <span class='ocrx_word' id='word_1_479' title='bbox 1310 951 1416 986; x_wconf 78' lang='grc' dir='ltr'>Ὠσπερ</span> <span class='ocrx_word' id='word_1_480' title='bbox 1439 949 1492 986; x_wconf 74' lang='grc' dir='ltr'>γὰρ</span> <span class='ocrx_word' id='word_1_481' title='bbox 1516 951 1563 976; x_wconf 75' lang='grc' dir='ltr'><strong>ἐπὶ</strong></span> <span class='ocrx_word' id='word_1_482' title='bbox 1587 949 1640 976; x_wconf 87' lang='grc' dir='ltr'><strong>τῶν</strong></span> <span class='ocrx_word' id='word_1_483' title='bbox 1665 950 1810 984; x_wconf 82' lang='grc' dir='ltr'>στοιχείων</span> <span class='ocrx_word' id='word_1_484' title='bbox 1835 950 1865 976; x_wconf 67' lang='grc' dir='ltr'>τὸ</span> 
     </span>
    </p>
   </div>
   <div class='ocr_carea' id='block_1_65' title="bbox 1076 995 1863 1031">
    <p class='ocr_par' dir='ltr' id='par_1_65' title="bbox 1076 995 1863 1031">
     <span class='ocr_line' id='line_1_65' title="bbox 1076 995 1863 1031; baseline 0 -10"><span class='ocrx_word' id='word_1_485' title='bbox 1076 996 1130 1021; x_wconf 75' lang='grc' dir='ltr'>πᾶν</span> <span class='ocrx_word' id='word_1_486' title='bbox 1155 995 1185 1022; x_wconf 70' lang='grc' dir='ltr'><strong>τὸ</strong></span> <span class='ocrx_word' id='word_1_487' title='bbox 1212 995 1284 1030; x_wconf 74' lang='grc' dir='ltr'>ἄλφα</span> <span class='ocrx_word' id='word_1_488' title='bbox 1308 996 1413 1031; x_wconf 74' lang='grc' dir='ltr'>συνέχει</span> <span class='ocrx_word' id='word_1_489' title='bbox 1430 1016 1437 1029; x_wconf 91' lang='grc'><strong>,</strong></span> <span class='ocrx_word' id='word_1_490' title='bbox 1465 996 1513 1022; x_wconf 76' lang='grc' dir='ltr'>καὶ</span> <span class='ocrx_word' id='word_1_491' title='bbox 1531 997 1545 1022; x_wconf 88' lang='grc' dir='ltr'><strong>ὁ</strong></span> <span class='ocrx_word' id='word_1_492' title='bbox 1564 995 1688 1031; x_wconf 78' lang='grc' dir='ltr'><strong>θεμέλιος</strong></span> <span class='ocrx_word' id='word_1_493' title='bbox 1703 996 1755 1031; x_wconf 79' lang='grc' dir='ltr'><strong>τὴν</strong></span> <span class='ocrx_word' id='word_1_494' title='bbox 1774 997 1863 1022; x_wconf 74' lang='grc' dir='ltr'>πᾶσαν</span> 
     </span>
    </p>
   </div>
   <div class='ocr_carea' id='block_1_66' title="bbox 1078 1041 1861 1078">
    <p class='ocr_par' dir='ltr' id='par_1_66' title="bbox 1078 1041 1861 1078">
     <span class='ocr_line' id='line_1_66' title="bbox 1078 1041 1861 1078; baseline -0.001 -10"><span class='ocrx_word' id='word_1_495' title='bbox 1078 1041 1221 1077; x_wconf 83' lang='grc' dir='ltr'>οἰκοδομὴν</span> <span class='ocrx_word' id='word_1_496' title='bbox 1235 1063 1242 1074; x_wconf 93' lang='lat'><strong>,</strong></span> <span class='ocrx_word' id='word_1_497' title='bbox 1266 1041 1338 1069; x_wconf 71' lang='grc' dir='ltr'>οὕτω</span> <span class='ocrx_word' id='word_1_498' title='bbox 1361 1043 1408 1069; x_wconf 79' lang='grc' dir='ltr'><strong>καὶ</strong></span> <span class='ocrx_word' id='word_1_499' title='bbox 1427 1043 1475 1069; x_wconf 82' lang='grc' dir='ltr'>τοῦ</span> <span class='ocrx_word' id='word_1_500' title='bbox 1490 1042 1548 1078; x_wconf 75' lang='grc' dir='ltr'>βίου</span> <span class='ocrx_word' id='word_1_501' title='bbox 1569 1042 1619 1077; x_wconf 85' lang='grc' dir='ltr'>τὴν</span> <span class='ocrx_word' id='word_1_502' title='bbox 1643 1042 1824 1077; x_wconf 66' lang='grc' dir='ltr'>καθαρότητα</span> <span class='ocrx_word' id='word_1_503' title='bbox 1846 1043 1861 1077; x_wconf 78' lang='grc' dir='ltr'><strong>ή</strong></span> 
     </span>
    </p>
   </div>
   <div class='ocr_carea' id='block_1_67' title="bbox 1077 1087 1863 1124">
    <p class='ocr_par' dir='ltr' id='par_1_67' title="bbox 1077 1087 1863 1124">
     <span class='ocr_line' id='line_1_67' title="bbox 1077 1087 1863 1124; baseline 0.001 -11"><span class='ocrx_word' id='word_1_504' title='bbox 1077 1088 1140 1123; x_wconf 67' lang='grc' dir='ltr'>περὶ</span> <span class='ocrx_word' id='word_1_505' title='bbox 1159 1088 1208 1124; x_wconf 76' lang='grc' dir='ltr'>τὴν</span> <span class='ocrx_word' id='word_1_506' title='bbox 1234 1089 1324 1115; x_wconf 80' lang='grc' dir='ltr'>πίστιν</span> <span class='ocrx_word' id='word_1_507' title='bbox 1340 1088 1512 1124; x_wconf 70' lang='grc' dir='ltr'>πληροφορῑα</span> <span class='ocrx_word' id='word_1_508' title='bbox 1525 1097 1532 1103; x_wconf 85' lang='grc'><strong>·</strong></span> <span class='ocrx_word' id='word_1_509' title='bbox 1549 1088 1651 1123; x_wconf 75' lang='grc' dir='ltr'>ταύτης</span> <span class='ocrx_word' id='word_1_510' title='bbox 1668 1087 1696 1114; x_wconf 77' lang='grc' dir='ltr'>δὲ</span> <span class='ocrx_word' id='word_1_511' title='bbox 1724 1088 1791 1115; x_wconf 78' lang='grc' dir='ltr'>ἄνευ</span> <span class='ocrx_word' id='word_1_512' title='bbox 1815 1088 1863 1114; x_wconf 86' lang='grc' dir='ltr'>οὐκ</span> 
     </span>
    </p>
   </div>
   <div class='ocr_carea' id='block_1_68' title="bbox 1075 1131 1862 1170">
    <p class='ocr_par' dir='ltr' id='par_1_68' title="bbox 1075 1131 1862 1170">
     <span class='ocr_line' id='line_1_68' title="bbox 1075 1131 1862 1170; baseline -0.001 -10"><span class='ocrx_word' id='word_1_513' title='bbox 1075 1133 1148 1160; x_wconf 73' lang='grc' dir='ltr'>ἔστιν</span> <span class='ocrx_word' id='word_1_514' title='bbox 1165 1131 1233 1160; x_wconf 74' lang='grc' dir='ltr'>εἶναι</span> <span class='ocrx_word' id='word_1_515' title='bbox 1250 1134 1411 1170; x_wconf 75' lang='grc' dir='ltr'>Χριστιανὸν</span> <span class='ocrx_word' id='word_1_516' title='bbox 1423 1154 1430 1165; x_wconf 91' lang='lat'><strong>,</strong></span> <span class='ocrx_word' id='word_1_517' title='bbox 1453 1134 1546 1170; x_wconf 77' lang='grc' dir='ltr'>ὥσπερ</span> <span class='ocrx_word' id='word_1_518' title='bbox 1562 1134 1621 1160; x_wconf 80' lang='grc' dir='ltr'>οὐδὲ</span> <span class='ocrx_word' id='word_1_519' title='bbox 1645 1134 1779 1170; x_wconf 76' lang='grc' dir='ltr'>θεμελίων</span> <span class='ocrx_word' id='word_1_520' title='bbox 1800 1134 1862 1160; x_wconf 80' lang='grc' dir='ltr'>ἄνευ</span> 
     </span>
    </p>
   </div>
   <div class='ocr_carea' id='block_1_69' title="bbox 1075 1179 1862 1216">
    <p class='ocr_par' dir='ltr' id='par_1_69' title="bbox 1075 1179 1862 1216">
     <span class='ocr_line' id='line_1_69' title="bbox 1075 1179 1862 1216; baseline 0.003 -11"><span class='ocrx_word' id='word_1_521' title='bbox 1075 1179 1229 1214; x_wconf 79' lang='grc' dir='ltr'>οἰκοδομὴν,</span> <span class='ocrx_word' id='word_1_522' title='bbox 1251 1180 1310 1206; x_wconf 76' lang='grc' dir='ltr'>οὐδὲ</span> <span class='ocrx_word' id='word_1_523' title='bbox 1327 1181 1466 1215; x_wconf 73' lang='grc' dir='ltr'>στοιχείων</span> <span class='ocrx_word' id='word_1_524' title='bbox 1486 1180 1571 1215; x_wconf 66' lang='grc' dir='ltr'>χωρὶς</span> <span class='ocrx_word' id='word_1_525' title='bbox 1586 1180 1716 1216; x_wconf 80' lang='grc' dir='ltr'>ἔμπειρον</span> <span class='ocrx_word' id='word_1_526' title='bbox 1731 1180 1862 1216; x_wconf 74' lang='grc' dir='ltr'>γραμμά-</span> 
     </span>
    </p>
   </div>
   <div class='ocr_carea' id='block_1_70' title="bbox 1075 1224 1862 1263">
    <p class='ocr_par' dir='ltr' id='par_1_70' title="bbox 1075 1224 1862 1263">
     <span class='ocr_line' id='line_1_70' title="bbox 1075 1224 1862 1263; baseline 0.001 -11"><span class='ocrx_word' id='word_1_527' title='bbox 1075 1234 1128 1252; x_wconf 81' lang='grc' dir='ltr'><strong>των</strong></span> <span class='ocrx_word' id='word_1_528' title='bbox 1147 1224 1287 1260; x_wconf 60' lang='grc' dir='ltr'>γενέσθαιζ</span> <span class='ocrx_word' id='word_1_529' title='bbox 1309 1227 1378 1252; x_wconf 81' lang='grc' dir='ltr'>Ἀλλ’</span> <span class='ocrx_word' id='word_1_530' title='bbox 1399 1226 1446 1253; x_wconf 74' lang='grc' dir='ltr'><strong>ἐάν</strong></span> <span class='ocrx_word' id='word_1_531' title='bbox 1473 1235 1515 1259; x_wconf 84' lang='grc' dir='ltr'><strong>τις</strong></span> <span class='ocrx_word' id='word_1_532' title='bbox 1535 1228 1579 1254; x_wconf 76' lang='grc' dir='ltr'><strong>ἀεὶ</strong></span> <span class='ocrx_word' id='word_1_533' title='bbox 1602 1227 1666 1263; x_wconf 79' lang='grc' dir='ltr'>περὶ</span> <span class='ocrx_word' id='word_1_534' title='bbox 1683 1226 1718 1253; x_wconf 79' lang='grc' dir='ltr'>τὰ</span> <span class='ocrx_word' id='word_1_535' title='bbox 1743 1228 1862 1262; x_wconf 84' lang='grc' dir='ltr'>στοιχεῖα</span> 
     </span>
    </p>
   </div>
   <div class='ocr_carea' id='block_1_71' title="bbox 1076 1272 1862 1310">
    <p class='ocr_par' dir='ltr' id='par_1_71' title="bbox 1076 1272 1862 1310">
     <span class='ocr_line' id='line_1_71' title="bbox 1076 1272 1862 1310; baseline -0.001 -11"><span class='ocrx_word' id='word_1_536' title='bbox 1076 1273 1236 1309; x_wconf 72' lang='grc' dir='ltr'>στρέφηται,</span> <span class='ocrx_word' id='word_1_537' title='bbox 1250 1274 1266 1308; x_wconf 85' lang='grc' dir='ltr'>ἢ</span> <span class='ocrx_word' id='word_1_538' title='bbox 1279 1273 1305 1300; x_wconf 71' lang='grc' dir='ltr'><strong>εἴ</strong></span> <span class='ocrx_word' id='word_1_539' title='bbox 1313 1282 1354 1305; x_wconf 83' lang='grc' dir='ltr'><strong>τις</strong></span> <span class='ocrx_word' id='word_1_540' title='bbox 1367 1272 1432 1310; x_wconf 62' lang='lat' dir='ltr'><strong>rapi</strong></span> <span class='ocrx_word' id='word_1_541' title='bbox 1446 1274 1491 1300; x_wconf 80' lang='grc' dir='ltr'><strong>τὸν</strong></span> <span class='ocrx_word' id='word_1_542' title='bbox 1509 1273 1642 1309; x_wconf 77' lang='grc' dir='ltr'>θεμέλιον,</span> <span class='ocrx_word' id='word_1_543' title='bbox 1657 1273 1763 1300; x_wconf 76' lang='grc' dir='ltr'>οὐδέπω</span> <span class='ocrx_word' id='word_1_544' title='bbox 1784 1273 1862 1299; x_wconf 79' lang='grc' dir='ltr'>ἐσται</span> 
     </span>
    </p>
   </div>
   <div class='ocr_carea' id='block_1_72' title="bbox 1075 1317 1862 1356">
    <p class='ocr_par' dir='ltr' id='par_1_72' title="bbox 1075 1317 1862 1356">
     <span class='ocr_line' id='line_1_72' title="bbox 1075 1317 1862 1356; baseline 0.001 -10"><span class='ocrx_word' id='word_1_545' title='bbox 1075 1321 1149 1356; x_wconf 70' lang='grc' dir='ltr'>αὐτῷ</span> <span class='ocrx_word' id='word_1_546' title='bbox 1160 1329 1186 1347; x_wconf 85' lang='grc' dir='ltr'><strong>τι</strong></span> <span class='ocrx_word' id='word_1_547' title='bbox 1204 1321 1299 1347; x_wconf 82' lang='grc' dir='ltr'>πλέον·</span> <span class='ocrx_word' id='word_1_548' title='bbox 1318 1317 1388 1347; x_wconf 66' lang='grc' dir='ltr'>οὕτω</span> <span class='ocrx_word' id='word_1_549' title='bbox 1404 1321 1449 1347; x_wconf 76' lang='grc' dir='ltr'><strong>καὶ</strong></span> <span class='ocrx_word' id='word_1_550' title='bbox 1464 1321 1505 1355; x_wconf 74' lang='grc' dir='ltr'><strong>ἐφ’</strong></span> <span class='ocrx_word' id='word_1_551' title='bbox 1518 1320 1606 1356; x_wconf 84' lang='grc' dir='ltr'>ἡμῶν,</span> <span class='ocrx_word' id='word_1_552' title='bbox 1626 1321 1674 1346; x_wconf 76' lang='lat' dir='ltr'><strong>“Av</strong></span> <span class='ocrx_word' id='word_1_553' title='bbox 1698 1319 1752 1355; x_wconf 77' lang='grc' dir='ltr'><strong>γὰρ</strong></span> <span class='ocrx_word' id='word_1_554' title='bbox 1769 1320 1815 1346; x_wconf 80' lang='grc' dir='ltr'><strong>ἀεὶ</strong></span> <span class='ocrx_word' id='word_1_555' title='bbox 1835 1320 1862 1347; x_wconf 77' lang='grc' dir='ltr'>ἐν</span> 
     </span>
    </p>
   </div>
   <div class='ocr_carea' id='block_1_73' title="bbox 1075 1365 1862 1402">
    <p class='ocr_par' dir='ltr' id='par_1_73' title="bbox 1075 1365 1862 1402">
     <span class='ocr_line' id='line_1_73' title="bbox 1075 1365 1862 1402; baseline 0 -10"><span class='ocrx_word' id='word_1_556' title='bbox 1075 1368 1107 1402; x_wconf 79' lang='grc' dir='ltr'>τῇ</span> <span class='ocrx_word' id='word_1_557' title='bbox 1124 1367 1193 1401; x_wconf 83' lang='grc' dir='ltr'>ἀρχῇ</span> <span class='ocrx_word' id='word_1_558' title='bbox 1215 1367 1265 1401; x_wconf 80' lang='grc' dir='ltr'>τῆς</span> <span class='ocrx_word' id='word_1_559' title='bbox 1289 1366 1407 1397; x_wconf 84' lang='grc' dir='ltr'>πίστεως</span> <span class='ocrx_word' id='word_1_560' title='bbox 1431 1365 1555 1401; x_wconf 78' lang='grc' dir='ltr'>μένωμεν</span> <span class='ocrx_word' id='word_1_561' title='bbox 1569 1386 1576 1398; x_wconf 88' lang='grc'><strong>,</strong></span> <span class='ocrx_word' id='word_1_562' title='bbox 1591 1366 1716 1392; x_wconf 68' lang='grc' dir='ltr'>οὐδέποτε</span> <span class='ocrx_word' id='word_1_563' title='bbox 1737 1366 1809 1401; x_wconf 75' lang='grc' dir='ltr'>πρὸς</span> <span class='ocrx_word' id='word_1_564' title='bbox 1825 1365 1862 1400; x_wconf 77' lang='grc' dir='ltr'>τῷ</span> 
     </span>
    </p>
   </div>
   <div class='ocr_carea' id='block_1_74' title="bbox 1074 1412 1863 1448">
    <p class='ocr_par' dir='ltr' id='par_1_74' title="bbox 1074 1412 1863 1448">
     <span class='ocr_line' id='line_1_74' title="bbox 1074 1412 1863 1448; baseline 0 -10"><span class='ocrx_word' id='word_1_565' title='bbox 1074 1413 1147 1438; x_wconf 75' lang='grc' dir='ltr'>τέλει</span> <span class='ocrx_word' id='word_1_566' title='bbox 1163 1412 1265 1448; x_wconf 79' lang='grc' dir='ltr'>ταύτης</span> <span class='ocrx_word' id='word_1_567' title='bbox 1286 1412 1489 1447; x_wconf 75' lang='grc' dir='ltr'>ἀναϐησόμεθα.</span> <span class='ocrx_word' id='word_1_568' title='bbox 1505 1412 1541 1439; x_wconf 80' lang='grc' dir='ltr'><strong>Σὺ</strong></span> <span class='ocrx_word' id='word_1_569' title='bbox 1559 1412 1587 1438; x_wconf 83' lang='grc' dir='ltr'><strong>δὲ</strong></span> <span class='ocrx_word' id='word_1_570' title='bbox 1604 1412 1640 1447; x_wconf 84' lang='grc' dir='ltr'><strong>μὴ</strong></span> <span class='ocrx_word' id='word_1_571' title='bbox 1654 1412 1768 1447; x_wconf 72' lang='grc' dir='ltr'>νομίσῃς</span> <span class='ocrx_word' id='word_1_572' title='bbox 1782 1412 1863 1447; x_wconf 63' lang='grc' dir='ltr'>ἠλατ-</span> 
     </span>
    </p>
   </div>
   <div class='ocr_carea' id='block_1_75' title="bbox 1074 1457 1863 1494">
    <p class='ocr_par' dir='ltr' id='par_1_75' title="bbox 1074 1457 1863 1494">
     <span class='ocr_line' id='line_1_75' title="bbox 1074 1457 1863 1494; baseline 0 -10"><span class='ocrx_word' id='word_1_573' title='bbox 1074 1458 1176 1485; x_wconf 78' lang='grc' dir='ltr'>τῶσθαι</span> <span class='ocrx_word' id='word_1_574' title='bbox 1193 1459 1243 1494; x_wconf 81' lang='grc' dir='ltr'><strong>τὴν</strong></span> <span class='ocrx_word' id='word_1_575' title='bbox 1268 1458 1367 1489; x_wconf 81' lang='grc' dir='ltr'>πίστιν,</span> <span class='ocrx_word' id='word_1_576' title='bbox 1388 1458 1432 1484; x_wconf 83' lang='grc' dir='ltr'>διὰ</span> <span class='ocrx_word' id='word_1_577' title='bbox 1458 1458 1487 1484; x_wconf 76' lang='grc' dir='ltr'>τὸ</span> <span class='ocrx_word' id='word_1_578' title='bbox 1510 1459 1639 1493; x_wconf 64' lang='grc' dir='ltr'>στοιχεῖον</span> <span class='ocrx_word' id='word_1_579' title='bbox 1663 1457 1808 1493; x_wconf 73' lang='grc' dir='ltr'>κληθῆναι.</span> <span class='ocrx_word' id='word_1_580' title='bbox 1831 1458 1863 1484; x_wconf 81' lang='grc' dir='ltr'><strong>Ἠ</strong></span> 
     </span>
    </p>
   </div>
   <div class='ocr_carea' id='block_1_76' title="bbox 1073 1504 1860 1542">
    <p class='ocr_par' dir='ltr' id='par_1_76' title="bbox 1073 1504 1860 1542">
     <span class='ocr_line' id='line_1_76' title="bbox 1073 1504 1860 1542; baseline -0.003 -10"><span class='ocrx_word' id='word_1_581' title='bbox 1073 1506 1128 1542; x_wconf 76' lang='grc' dir='ltr'>γὰρ</span> <span class='ocrx_word' id='word_1_582' title='bbox 1149 1506 1221 1532; x_wconf 71' lang='grc' dir='ltr'>πᾶσα</span> <span class='ocrx_word' id='word_1_583' title='bbox 1242 1505 1355 1541; x_wconf 79' lang='grc' dir='ltr'>δύναμις</span> <span class='ocrx_word' id='word_1_584' title='bbox 1370 1505 1439 1540; x_wconf 77' lang='grc' dir='ltr'>αὕτη</span> <span class='ocrx_word' id='word_1_585' title='bbox 1467 1505 1550 1532; x_wconf 75' lang='grc' dir='ltr'>ἐστὶν.</span> <span class='ocrx_word' id='word_1_586' title='bbox 1568 1505 1653 1531; x_wconf 82' lang='grc' dir='ltr'>Ὅταν</span> <span class='ocrx_word' id='word_1_587' title='bbox 1673 1504 1738 1539; x_wconf 78' lang='grc' dir='ltr'>γοῦν</span> <span class='ocrx_word' id='word_1_588' title='bbox 1763 1504 1838 1539; x_wconf 81' lang='grc' dir='ltr'>λέγει</span> <span class='ocrx_word' id='word_1_589' title='bbox 1853 1512 1860 1519; x_wconf 91' lang='grc'><strong>·</strong></span> 
     </span>
    </p>
   </div>
   <div class='ocr_carea' id='block_1_77' title="bbox 1074 1550 1861 1586">
    <p class='ocr_par' dir='ltr' id='par_1_77' title="bbox 1074 1550 1861 1586">
     <span class='ocr_line' id='line_1_77' title="bbox 1074 1550 1861 1586; baseline -0.003 -8"><span class='ocrx_word' id='word_1_590' title='bbox 1074 1551 1138 1585; x_wconf 85' lang='grc' dir='ltr'><strong>Πᾶς</strong></span> <span class='ocrx_word' id='word_1_591' title='bbox 1155 1552 1210 1586; x_wconf 67' lang='grc' dir='ltr'>γὰρ</span> <span class='ocrx_word' id='word_1_592' title='bbox 1227 1553 1243 1578; x_wconf 89' lang='grc' dir='ltr'><em>ό</em></span> <span class='ocrx_word' id='word_1_593' title='bbox 1256 1551 1390 1586; x_wconf 61' lang='grc' dir='ltr'>μετέχων·</span> <span class='ocrx_word' id='word_1_594' title='bbox 1406 1551 1556 1585; x_wconf 74' lang='grc' dir='ltr'>γάλακτος</span> <span class='ocrx_word' id='word_1_595' title='bbox 1569 1551 1691 1585; x_wconf 77' lang='grc' dir='ltr'>ἄπειρος</span> <span class='ocrx_word' id='word_1_596' title='bbox 1709 1551 1806 1585; x_wconf 74' lang='grc' dir='ltr'>λόγου</span> <span class='ocrx_word' id='word_1_597' title='bbox 1818 1550 1861 1576; x_wconf 82' lang='grc' dir='ltr'>δι-</span> 
     </span>
    </p>
   </div>
   <div class='ocr_carea' id='block_1_78' title="bbox 1076 1595 1861 1631">
    <p class='ocr_par' dir='ltr' id='par_1_78' title="bbox 1076 1595 1861 1631">
     <span class='ocr_line' id='line_1_78' title="bbox 1076 1595 1861 1631; baseline -0.004 -7"><span class='ocrx_word' id='word_1_598' title='bbox 1076 1598 1241 1631; x_wconf 77' lang='grc' dir='ltr'>καιοσύνης</span> <span class='ocrx_word' id='word_1_599' title='bbox 1255 1605 1261 1612; x_wconf 78' lang='grc'><em>’</em></span> <span class='ocrx_word' id='word_1_600' title='bbox 1280 1596 1389 1630; x_wconf 77' lang='grc' dir='ltr'>νήπιος</span> <span class='ocrx_word' id='word_1_601' title='bbox 1404 1597 1460 1631; x_wconf 74' lang='grc' dir='ltr'>γάρ</span> <span class='ocrx_word' id='word_1_602' title='bbox 1484 1597 1571 1622; x_wconf 81' lang='grc' dir='ltr'>ἐστιν</span> <span class='ocrx_word' id='word_1_603' title='bbox 1586 1604 1593 1611; x_wconf 95' lang='grc'><strong>·</strong></span> <span class='ocrx_word' id='word_1_604' title='bbox 1615 1596 1645 1622; x_wconf 78' lang='grc' dir='ltr'><strong>οὐ</strong></span> <span class='ocrx_word' id='word_1_605' title='bbox 1667 1595 1739 1630; x_wconf 82' lang='grc' dir='ltr'>γάλα</span> <span class='ocrx_word' id='word_1_606' title='bbox 1760 1595 1861 1629; x_wconf 80' lang='grc' dir='ltr'>ταύτην</span> 
     </span>
    </p>
   </div>
   <div class='ocr_carea' id='block_1_79' title="bbox 1075 1641 1861 1677">
    <p class='ocr_par' dir='ltr' id='par_1_79' title="bbox 1075 1641 1861 1677">
     <span class='ocr_line' id='line_1_79' title="bbox 1075 1641 1861 1677; baseline -0.003 -8"><span class='ocrx_word' id='word_1_607' title='bbox 1075 1642 1170 1670; x_wconf 81' lang='grc' dir='ltr'>καλεῖ·</span> <span class='ocrx_word' id='word_1_608' title='bbox 1192 1643 1259 1669; x_wconf 73' lang='grc' dir='ltr'>ἀλλὰ</span> <span class='ocrx_word' id='word_1_609' title='bbox 1274 1643 1303 1669; x_wconf 84' lang='grc' dir='ltr'><strong>τὸ</strong></span> <span class='ocrx_word' id='word_1_610' title='bbox 1320 1642 1500 1677; x_wconf 72' lang='grc' dir='ltr'>ἁμφιϐἁλλειν</span> <span class='ocrx_word' id='word_1_611' title='bbox 1513 1641 1553 1668; x_wconf 77' lang='grc' dir='ltr'>ἔτι</span> <span class='ocrx_word' id='word_1_612' title='bbox 1575 1641 1638 1676; x_wconf 76' lang='grc' dir='ltr'>περὶ</span> <span class='ocrx_word' id='word_1_613' title='bbox 1653 1641 1766 1673; x_wconf 71' lang='grc' dir='ltr'>τούτων,</span> <span class='ocrx_word' id='word_1_614' title='bbox 1785 1641 1861 1668; x_wconf 77' lang='grc' dir='ltr'>τοῦτό</span> 
     </span>
    </p>
   </div>
   <div class='ocr_carea' id='block_1_80' title="bbox 1075 1687 1858 1722">
    <p class='ocr_par' dir='ltr' id='par_1_80' title="bbox 1075 1687 1858 1722">
     <span class='ocr_line' id='line_1_80' title="bbox 1075 1687 1858 1722; baseline -0.003 -7"><span class='ocrx_word' id='word_1_615' title='bbox 1075 1690 1149 1715; x_wconf 79' lang='grc' dir='ltr'>ὲοτιν</span> <span class='ocrx_word' id='word_1_616' title='bbox 1163 1688 1292 1720; x_wconf 75' lang='grc' dir='ltr'>ἀσθενοῦς</span> <span class='ocrx_word' id='word_1_617' title='bbox 1307 1688 1436 1720; x_wconf 72' lang='grc' dir='ltr'>διανοίας,</span> <span class='ocrx_word' id='word_1_618' title='bbox 1451 1689 1498 1714; x_wconf 75' lang='grc' dir='ltr'><strong>καὶ</strong></span> <span class='ocrx_word' id='word_1_619' title='bbox 1509 1687 1595 1721; x_wconf 84' lang='grc' dir='ltr'>λόγων</span> <span class='ocrx_word' id='word_1_620' title='bbox 1605 1687 1735 1722; x_wconf 76' lang='grc' dir='ltr'>δεομένης</span> <span class='ocrx_word' id='word_1_621' title='bbox 1746 1687 1858 1713; x_wconf 82' lang='grc' dir='ltr'>πολλῶν.</span> 
     </span>
    </p>
   </div>
   <div class='ocr_carea' id='block_1_81' title="bbox 1075 1733 1859 1770">
    <p class='ocr_par' dir='ltr' id='par_1_81' title="bbox 1075 1733 1859 1770">
     <span class='ocr_line' id='line_1_81' title="bbox 1075 1733 1859 1770; baseline -0.003 -9"><span class='ocrx_word' id='word_1_622' title='bbox 1075 1735 1115 1762; x_wconf 79' lang='grc' dir='ltr'><strong>Τὰ</strong></span> <span class='ocrx_word' id='word_1_623' title='bbox 1131 1735 1185 1770; x_wconf 77' lang='grc' dir='ltr'><strong>γὰρ</strong></span> <span class='ocrx_word' id='word_1_624' title='bbox 1201 1735 1323 1770; x_wconf 80' lang='grc' dir='ltr'>δόγματα</span> <span class='ocrx_word' id='word_1_625' title='bbox 1337 1734 1425 1761; x_wconf 77' lang='grc' dir='ltr'>ταῦτα</span> <span class='ocrx_word' id='word_1_626' title='bbox 1448 1735 1506 1761; x_wconf 74' lang='grc' dir='ltr'>ἐστι</span> <span class='ocrx_word' id='word_1_627' title='bbox 1529 1734 1563 1760; x_wconf 78' lang='grc' dir='ltr'>τὰ</span> <span class='ocrx_word' id='word_1_628' title='bbox 1584 1733 1647 1769; x_wconf 79' lang='grc' dir='ltr'><strong>ὑγιῆ</strong></span> <span class='ocrx_word' id='word_1_629' title='bbox 1660 1743 1666 1748; x_wconf 92' lang='grc'><strong>·</strong></span> <span class='ocrx_word' id='word_1_630' title='bbox 1683 1733 1785 1760; x_wconf 80' lang='grc' dir='ltr'>τέλειον</span> <span class='ocrx_word' id='word_1_631' title='bbox 1809 1733 1859 1768; x_wconf 83' lang='grc' dir='ltr'>γὰρ</span> 
     </span>
    </p>
   </div>
   <div class='ocr_carea' id='block_1_82' title="bbox 1075 1779 1859 1816">
    <p class='ocr_par' dir='ltr' id='par_1_82' title="bbox 1075 1779 1859 1816">
     <span class='ocr_line' id='line_1_82' title="bbox 1075 1779 1859 1816; baseline -0.003 -8"><span class='ocrx_word' id='word_1_632' title='bbox 1075 1782 1178 1808; x_wconf 81' lang='grc' dir='ltr'>ἐκεῖνον</span> <span class='ocrx_word' id='word_1_633' title='bbox 1194 1781 1341 1816; x_wconf 80' lang='grc' dir='ltr'>καλοῦμεν,</span> <span class='ocrx_word' id='word_1_634' title='bbox 1358 1781 1403 1807; x_wconf 73' lang='grc' dir='ltr'><strong>τὸν</strong></span> <span class='ocrx_word' id='word_1_635' title='bbox 1416 1780 1485 1816; x_wconf 77' lang='grc' dir='ltr'>μετὰ</span> <span class='ocrx_word' id='word_1_636' title='bbox 1500 1781 1548 1816; x_wconf 83' lang='grc' dir='ltr'>τῆς</span> <span class='ocrx_word' id='word_1_637' title='bbox 1562 1780 1679 1811; x_wconf 77' lang='grc' dir='ltr'>πίστεως</span> <span class='ocrx_word' id='word_1_638' title='bbox 1695 1779 1752 1815; x_wconf 87' lang='grc' dir='ltr'>βίον</span> <span class='ocrx_word' id='word_1_639' title='bbox 1767 1780 1859 1815; x_wconf 76' lang='grc' dir='ltr'>ἔχοντα</span> 
     </span>
    </p>
   </div>
   <div class='ocr_carea' id='block_1_83' title="bbox 1074 1826 1860 1863">
    <p class='ocr_par' dir='ltr' id='par_1_83' title="bbox 1074 1826 1860 1863">
     <span class='ocr_line' id='line_1_83' title="bbox 1074 1826 1860 1863; baseline -0.003 -9"><span class='ocrx_word' id='word_1_640' title='bbox 1074 1828 1163 1863; x_wconf 74' lang='grc' dir='ltr'>ὀρθόν.</span> <span class='ocrx_word' id='word_1_641' title='bbox 1186 1827 1247 1854; x_wconf 77' lang='grc' dir='ltr'>Ἐὰν</span> <span class='ocrx_word' id='word_1_642' title='bbox 1262 1827 1290 1854; x_wconf 78' lang='grc' dir='ltr'><em>δέ</em></span> <span class='ocrx_word' id='word_1_643' title='bbox 1306 1836 1348 1859; x_wconf 89' lang='grc' dir='ltr'><strong>τις</strong></span> <span class='ocrx_word' id='word_1_644' title='bbox 1364 1827 1455 1853; x_wconf 83' lang='grc' dir='ltr'>πίστιν</span> <span class='ocrx_word' id='word_1_645' title='bbox 1468 1827 1516 1862; x_wconf 77' lang='grc' dir='ltr'>μὲν</span> <span class='ocrx_word' id='word_1_646' title='bbox 1536 1826 1584 1863; x_wconf 76' lang='grc' dir='ltr'><strong>ἔχῃ</strong></span> <span class='ocrx_word' id='word_1_647' title='bbox 1599 1847 1606 1859; x_wconf 82' lang='lat'><strong>,</strong></span> <span class='ocrx_word' id='word_1_648' title='bbox 1635 1826 1742 1862; x_wconf 78' lang='grc' dir='ltr'>πράττῃ</span> <span class='ocrx_word' id='word_1_649' title='bbox 1765 1827 1793 1853; x_wconf 77' lang='grc' dir='ltr'>δὲ</span> <span class='ocrx_word' id='word_1_650' title='bbox 1814 1834 1860 1852; x_wconf 75' lang='grc' dir='ltr'>σιο-</span> 
     </span>
    </p>
   </div>
   <div class='ocr_carea' id='block_1_84' title="bbox 1076 1871 1859 1909">
    <p class='ocr_par' dir='ltr' id='par_1_84' title="bbox 1076 1871 1859 1909">
     <span class='ocr_line' id='line_1_84' title="bbox 1076 1871 1859 1909; baseline -0.003 -9"><span class='ocrx_word' id='word_1_651' title='bbox 1076 1873 1156 1909; x_wconf 76' lang='grc' dir='ltr'>νηρὰ,</span> <span class='ocrx_word' id='word_1_652' title='bbox 1180 1874 1228 1900; x_wconf 79' lang='grc' dir='ltr'><strong>καὶ</strong></span> <span class='ocrx_word' id='word_1_653' title='bbox 1253 1874 1317 1908; x_wconf 72' lang='grc' dir='ltr'>περὶ</span> <span class='ocrx_word' id='word_1_654' title='bbox 1340 1873 1423 1908; x_wconf 78' lang='grc' dir='ltr'>αὐτῆς</span> <span class='ocrx_word' id='word_1_655' title='bbox 1443 1873 1471 1899; x_wconf 81' lang='grc' dir='ltr'>δὲ</span> <span class='ocrx_word' id='word_1_656' title='bbox 1498 1872 1602 1907; x_wconf 81' lang='grc' dir='ltr'>ταύτης</span> <span class='ocrx_word' id='word_1_657' title='bbox 1624 1872 1792 1908; x_wconf 75' lang='grc' dir='ltr'>ἀμφιδάλλῃ,</span> <span class='ocrx_word' id='word_1_658' title='bbox 1814 1871 1859 1898; x_wconf 80' lang='grc' dir='ltr'>καὶ</span> 
     </span>
    </p>
   </div>
   <div class='ocr_carea' id='block_1_85' title="bbox 1075 1919 1858 1956">
    <p class='ocr_par' dir='ltr' id='par_1_85' title="bbox 1075 1919 1858 1956">
     <span class='ocr_line' id='line_1_85' title="bbox 1075 1919 1858 1956; baseline 0 -11"><span class='ocrx_word' id='word_1_659' title='bbox 1075 1920 1171 1956; x_wconf 76' lang='grc' dir='ltr'><strong>ὑϐρίζῃ</strong></span> <span class='ocrx_word' id='word_1_660' title='bbox 1204 1919 1253 1955; x_wconf 82' lang='grc' dir='ltr'>τὴν</span> <span class='ocrx_word' id='word_1_661' title='bbox 1276 1919 1466 1946; x_wconf 76' lang='grc' dir='ltr'>διδασκαλίαν·</span> <span class='ocrx_word' id='word_1_662' title='bbox 1500 1920 1613 1951; x_wconf 77' lang='grc' dir='ltr'>εἰκότως</span> <span class='ocrx_word' id='word_1_663' title='bbox 1635 1919 1715 1945; x_wconf 71' lang='grc' dir='ltr'>αὑτὸν</span> <span class='ocrx_word' id='word_1_664' title='bbox 1737 1921 1858 1955; x_wconf 76' lang='grc' dir='ltr'>φήσομεν</span> 
     </span>
    </p>
   </div>
   <div class='ocr_carea' id='block_1_86' title="bbox 1075 1965 1858 2002">
    <p class='ocr_par' dir='ltr' id='par_1_86' title="bbox 1075 1965 1858 2002">
     <span class='ocr_line' id='line_1_86' title="bbox 1075 1965 1858 2002; baseline -0.001 -9"><span class='ocrx_word' id='word_1_665' title='bbox 1075 1967 1180 2002; x_wconf 81' lang='grc' dir='ltr'>νήπιον,</span> <span class='ocrx_word' id='word_1_666' title='bbox 1199 1966 1247 1992; x_wconf 70' lang='grc' dir='ltr'><strong>ἐπὶ</strong></span> <span class='ocrx_word' id='word_1_667' title='bbox 1257 1966 1306 2002; x_wconf 80' lang='grc' dir='ltr'><strong>τὴν</strong></span> <span class='ocrx_word' id='word_1_668' title='bbox 1320 1966 1407 2001; x_wconf 78' lang='grc' dir='ltr'>ἀρχὴν</span> <span class='ocrx_word' id='word_1_669' title='bbox 1421 1965 1620 2001; x_wconf 78' lang='grc' dir='ltr'>ἀναδραμόντα.</span> <span class='ocrx_word' id='word_1_670' title='bbox 1637 1966 1729 1998; x_wconf 79' lang='grc' dir='ltr'>Ὥστε,</span> <span class='ocrx_word' id='word_1_671' title='bbox 1744 1966 1795 1992; x_wconf 73' lang='grc' dir='ltr'>κᾶν</span> <span class='ocrx_word' id='word_1_672' title='bbox 1809 1974 1858 2000; x_wconf 80' lang='grc' dir='ltr'><strong>μυ-</strong></span> 
     </span>
    </p>
   </div>
   <div class='ocr_carea' id='block_1_87' title="bbox 1076 2010 1857 2048">
    <p class='ocr_par' dir='ltr' id='par_1_87' title="bbox 1076 2010 1857 2048">
     <span class='ocr_line' id='line_1_87' title="bbox 1076 2010 1857 2048; baseline 0 -10"><span class='ocrx_word' id='word_1_673' title='bbox 1076 2013 1121 2048; x_wconf 74' lang='grc' dir='ltr'><strong>ρία</strong></span> <span class='ocrx_word' id='word_1_674' title='bbox 1137 2012 1184 2048; x_wconf 83' lang='grc' dir='ltr'><strong>ἔτη</strong></span> <span class='ocrx_word' id='word_1_675' title='bbox 1197 2013 1225 2038; x_wconf 83' lang='grc' dir='ltr'><strong>ὲν</strong></span> <span class='ocrx_word' id='word_1_676' title='bbox 1243 2013 1276 2047; x_wconf 85' lang='grc' dir='ltr'>τῇ</span> <span class='ocrx_word' id='word_1_677' title='bbox 1292 2012 1381 2039; x_wconf 77' lang='grc' dir='ltr'>πίστει</span> <span class='ocrx_word' id='word_1_678' title='bbox 1399 2011 1515 2047; x_wconf 77' lang='grc' dir='ltr'>ἔχωμεν,</span> <span class='ocrx_word' id='word_1_679' title='bbox 1531 2012 1578 2039; x_wconf 72' lang='grc' dir='ltr'><strong>καὶ</strong></span> <span class='ocrx_word' id='word_1_680' title='bbox 1601 2013 1638 2048; x_wconf 88' lang='grc' dir='ltr'><strong>μὴ</strong></span> <span class='ocrx_word' id='word_1_681' title='bbox 1657 2013 1760 2048; x_wconf 76' lang='grc' dir='ltr'>βέϐαιοι</span> <span class='ocrx_word' id='word_1_682' title='bbox 1775 2010 1857 2047; x_wconf 78' lang='grc' dir='ltr'>ὦμεν,</span> 
     </span>
    </p>
   </div>
   <div class='ocr_carea' id='block_1_88' title="bbox 1075 2058 1859 2094">
    <p class='ocr_par' dir='ltr' id='par_1_88' title="bbox 1075 2058 1859 2094">
     <span class='ocr_line' id='line_1_88' title="bbox 1075 2058 1859 2094; baseline -0.001 -10"><span class='ocrx_word' id='word_1_683' title='bbox 1075 2058 1104 2084; x_wconf 80' lang='grc' dir='ltr'><strong>ἐν</strong></span> <span class='ocrx_word' id='word_1_684' title='bbox 1129 2058 1196 2093; x_wconf 79' lang='grc' dir='ltr'>αὐτῇ</span> <span class='ocrx_word' id='word_1_685' title='bbox 1213 2058 1305 2093; x_wconf 85' lang='grc' dir='ltr'>νήπιοί</span> <span class='ocrx_word' id='word_1_686' title='bbox 1319 2059 1418 2093; x_wconf 73' lang='grc' dir='ltr'>ἐσμεν·</span> <span class='ocrx_word' id='word_1_687' title='bbox 1447 2058 1510 2085; x_wconf 82' lang='grc' dir='ltr'>ὅταν</span> <span class='ocrx_word' id='word_1_688' title='bbox 1529 2058 1585 2093; x_wconf 81' lang='grc' dir='ltr'>βίον</span> <span class='ocrx_word' id='word_1_689' title='bbox 1600 2059 1668 2093; x_wconf 82' lang='grc' dir='ltr'>αύτῇ</span> <span class='ocrx_word' id='word_1_690' title='bbox 1691 2058 1729 2094; x_wconf 80' lang='grc' dir='ltr'>μὴ</span> <span class='ocrx_word' id='word_1_691' title='bbox 1747 2058 1859 2093; x_wconf 62' lang='grc' dir='ltr'>συμϐαίη</span> 
     </span>
    </p>
   </div>
   <div class='ocr_carea' id='block_1_89' title="bbox 1075 2102 1858 2139">
    <p class='ocr_par' dir='ltr' id='par_1_89' title="bbox 1075 2102 1858 2139">
     <span class='ocr_line' id='line_1_89' title="bbox 1075 2102 1858 2139; baseline -0.001 -9"><span class='ocrx_word' id='word_1_692' title='bbox 1075 2112 1155 2130; x_wconf 78' lang='grc' dir='ltr'>νοντα</span> <span class='ocrx_word' id='word_1_693' title='bbox 1182 2102 1409 2138; x_wconf 80' lang='grc' dir='ltr'>ἐπιδεικνύμεθα·</span> <span class='ocrx_word' id='word_1_694' title='bbox 1429 2103 1492 2130; x_wconf 86' lang='grc' dir='ltr'>ὅταν</span> <span class='ocrx_word' id='word_1_695' title='bbox 1516 2104 1556 2130; x_wconf 81' lang='grc' dir='ltr'>ἔτι</span> <span class='ocrx_word' id='word_1_696' title='bbox 1583 2104 1705 2139; x_wconf 79' lang='grc' dir='ltr'>θεμέλιον</span> <span class='ocrx_word' id='word_1_697' title='bbox 1725 2104 1858 2131; x_wconf 74' lang='grc' dir='ltr'>καταῦαλ-</span> 
     </span>
    </p>
   </div>
   <div class='ocr_carea' id='block_1_90' title="bbox 1075 2145 1858 2184">
    <p class='ocr_par' dir='ltr' id='par_1_90' title="bbox 1075 2145 1858 2184">
     <span class='ocr_line' id='line_1_90' title="bbox 1075 2145 1858 2184; baseline 0 -9"><span class='ocrx_word' id='word_1_698' title='bbox 1075 2148 1188 2184; x_wconf 85' lang='grc' dir='ltr'>λόμεθα.</span> <span class='ocrx_word' id='word_1_699' title='bbox 1207 2149 1318 2180; x_wconf 84' lang='grc' dir='ltr'>Τούτοις</span> <span class='ocrx_word' id='word_1_700' title='bbox 1328 2149 1356 2175; x_wconf 82' lang='grc' dir='ltr'><strong>δὲ</strong></span> <span class='ocrx_word' id='word_1_701' title='bbox 1372 2149 1442 2184; x_wconf 77' lang='grc' dir='ltr'>μετὰ</span> <span class='ocrx_word' id='word_1_702' title='bbox 1452 2148 1498 2175; x_wconf 79' lang='grc' dir='ltr'>τοῦ</span> <span class='ocrx_word' id='word_1_703' title='bbox 1523 2145 1579 2184; x_wconf 69' lang='grc' dir='ltr'>βίον</span> <span class='ocrx_word' id='word_1_704' title='bbox 1600 2150 1648 2176; x_wconf 80' lang='grc' dir='ltr'><strong>καὶ</strong></span> <span class='ocrx_word' id='word_1_705' title='bbox 1661 2149 1724 2176; x_wconf 81' lang='grc' dir='ltr'>ἄλλο</span> <span class='ocrx_word' id='word_1_706' title='bbox 1741 2149 1858 2183; x_wconf 78' lang='grc' dir='ltr'>ἐγκαλεῖ,</span> 
     </span>
    </p>
   </div>
   <div class='ocr_carea' id='block_1_91' title="bbox 1075 2194 1858 2230">
    <p class='ocr_par' dir='ltr' id='par_1_91' title="bbox 1075 2194 1858 2230">
     <span class='ocr_line' id='line_1_91' title="bbox 1075 2194 1858 2230; baseline 0.003 -10"><span class='ocrx_word' id='word_1_707' title='bbox 1075 2194 1113 2227; x_wconf 77' lang='grc' dir='ltr'>ὡς</span> <span class='ocrx_word' id='word_1_708' title='bbox 1130 2194 1363 2230; x_wconf 77' lang='grc' dir='ltr'>παρασαλευθείσῃ</span> <span class='ocrx_word' id='word_1_709' title='bbox 1377 2195 1424 2222; x_wconf 67' lang='grc' dir='ltr'><strong>καὶ</strong></span> <span class='ocrx_word' id='word_1_710' title='bbox 1438 2195 1573 2230; x_wconf 77' lang='grc' dir='ltr'>δεομένοις</span> <span class='ocrx_word' id='word_1_711' title='bbox 1587 2195 1710 2230; x_wconf 81' lang='grc' dir='ltr'>θεμέλιον</span> <span class='ocrx_word' id='word_1_712' title='bbox 1724 2196 1858 2222; x_wconf 72' lang='grc' dir='ltr'>καταϐάλ-</span> 
     </span>
    </p>
   </div>
   <div class='ocr_carea' id='block_1_92' title="bbox 239 2236 1023 2276">
    <p class='ocr_par' dir='ltr' id='par_1_92' title="bbox 239 2236 1023 2274">
     <span class='ocr_line' id='line_1_92' title="bbox 239 2236 1023 2274; baseline -0.005 -7"><span class='ocrx_word' id='word_1_713' title='bbox 239 2241 266 2267; x_wconf 93' lang='lat' dir='ltr'><strong>in</strong></span> <span class='ocrx_word' id='word_1_714' title='bbox 283 2240 336 2267; x_wconf 88' lang='lat' dir='ltr'><strong>ﬁde</strong></span> <span class='ocrx_word' id='word_1_715' title='bbox 350 2239 574 2274; x_wconf 78' lang='lat' dir='ltr'><strong>trausegerimus,</strong></span> <span class='ocrx_word' id='word_1_716' title='bbox 590 2245 678 2273; x_wconf 88' lang='lat' dir='ltr'><strong>neque</strong></span> <span class='ocrx_word' id='word_1_717' title='bbox 700 2242 788 2265; x_wconf 88' lang='lat' dir='ltr'><strong>tamen</strong></span> <span class='ocrx_word' id='word_1_718' title='bbox 806 2237 875 2264; x_wconf 90' lang='lat' dir='ltr'><strong>ﬁrmi</strong></span> <span class='ocrx_word' id='word_1_719' title='bbox 891 2236 1023 2264; x_wconf 91' lang='lat' dir='ltr'><strong>consista-</strong></span> 
     </span>
    </p>
   </div>
   <div class='ocr_carea' id='block_1_93' title="bbox 1075 2236 1845 2276">
    <p class='ocr_par' dir='ltr' id='par_1_93' title="bbox 1077 2240 1845 2276">
     <span class='ocr_line' id='line_1_93' title="bbox 1077 2240 1845 2276; baseline 0 -10"><span class='ocrx_word' id='word_1_720' title='bbox 1077 2240 1132 2266; x_wconf 85' lang='grc' dir='ltr'>λειν</span> <span class='ocrx_word' id='word_1_721' title='bbox 1148 2240 1290 2274; x_wconf 80' lang='grc' dir='ltr'>μετανοίας</span> <span class='ocrx_word' id='word_1_722' title='bbox 1307 2240 1360 2266; x_wconf 83' lang='grc' dir='ltr'><strong>ἀπὸ</strong></span> <span class='ocrx_word' id='word_1_723' title='bbox 1375 2240 1479 2276; x_wconf 82' lang='grc' dir='ltr'>νεκρῶν</span> <span class='ocrx_word' id='word_1_724' title='bbox 1497 2240 1594 2276; x_wconf 80' lang='grc' dir='ltr'>ἔργων.</span> <span class='ocrx_word' id='word_1_725' title='bbox 1610 2241 1661 2266; x_wconf 83' lang='grc' dir='ltr'><strong>Τὸν</strong></span> <span class='ocrx_word' id='word_1_726' title='bbox 1675 2240 1730 2276; x_wconf 76' lang='grc' dir='ltr'>γὰρ</span> <span class='ocrx_word' id='word_1_727' title='bbox 1747 2241 1802 2267; x_wconf 79' lang='grc' dir='ltr'><strong>ἀπό</strong></span> <span class='ocrx_word' id='word_1_728' title='bbox 1820 2249 1845 2268; x_wconf 83' lang='grc' dir='ltr'><strong>τι</strong></span> 
     </span>
    </p>
   </div>
   <div class='ocr_carea' id='block_1_94' title="bbox 237 2282 1024 2318">
    <p class='ocr_par' dir='ltr' id='par_1_94' title="bbox 237 2282 1024 2318">
     <span class='ocr_line' id='line_1_94' title="bbox 237 2282 1024 2318; baseline -0.005 -6"><span class='ocrx_word' id='word_1_729' title='bbox 237 2293 311 2318; x_wconf 81' lang='lat' dir='ltr'><strong>mus,</strong></span> <span class='ocrx_word' id='word_1_730' title='bbox 328 2284 447 2312; x_wconf 86' lang='lat' dir='ltr'><strong>infantes</strong></span> <span class='ocrx_word' id='word_1_731' title='bbox 463 2283 492 2311; x_wconf 90' lang='lat' dir='ltr'><strong>in</strong></span> <span class='ocrx_word' id='word_1_732' title='bbox 515 2283 574 2318; x_wconf 86' lang='lat' dir='ltr'><strong>ipsa</strong></span> <span class='ocrx_word' id='word_1_733' title='bbox 590 2291 704 2315; x_wconf 91' lang='lat' dir='ltr'><strong>sumus,</strong></span> <span class='ocrx_word' id='word_1_734' title='bbox 724 2291 787 2310; x_wconf 81' lang='lat' dir='ltr'><strong>cum</strong></span> <span class='ocrx_word' id='word_1_735' title='bbox 805 2283 887 2310; x_wconf 81' lang='lat' dir='ltr'><strong>vitam</strong></span> <span class='ocrx_word' id='word_1_736' title='bbox 912 2282 1024 2309; x_wconf 70' lang='lat' dir='ltr'><strong>exhibe-</strong></span> 
     </span>
    </p>
   </div>
   <div class='ocr_carea' id='block_1_95' title="bbox 238 2338 1022 2374">
    <p class='ocr_par' dir='ltr' id='par_1_95' title="bbox 238 2338 1022 2374">
     <span class='ocr_line' id='line_1_95' title="bbox 238 2338 1022 2374; baseline -0.005 -5"><span class='ocrx_word' id='word_1_737' title='bbox 238 2350 300 2369; x_wconf 90' lang='lat' dir='ltr'><strong>mus</strong></span> <span class='ocrx_word' id='word_1_738' title='bbox 314 2342 338 2369; x_wconf 87' lang='lat' dir='ltr'><strong>ei</strong></span> <span class='ocrx_word' id='word_1_739' title='bbox 355 2341 468 2368; x_wconf 87' lang='lat' dir='ltr'><strong>minime</strong></span> <span class='ocrx_word' id='word_1_740' title='bbox 487 2340 705 2371; x_wconf 85' lang='lat' dir='ltr'><strong>convenientem,</strong></span> <span class='ocrx_word' id='word_1_741' title='bbox 725 2347 841 2374; x_wconf 87' lang='lat' dir='ltr'><strong>cumque</strong></span> <span class='ocrx_word' id='word_1_742' title='bbox 859 2338 1022 2366; x_wconf 88' lang='lat' dir='ltr'><strong>fundamen—</strong></span> 
     </span>
    </p>
   </div>
   <div class='ocr_carea' id='block_1_96' title="bbox 239 2385 1024 2422">
    <p class='ocr_par' dir='ltr' id='par_1_96' title="bbox 239 2385 1024 2422">
     <span class='ocr_line' id='line_1_96' title="bbox 239 2385 1024 2422; baseline -0.004 -8"><span class='ocrx_word' id='word_1_743' title='bbox 239 2394 295 2416; x_wconf 88' lang='lat' dir='ltr'><strong>tum</strong></span> <span class='ocrx_word' id='word_1_744' title='bbox 310 2387 398 2415; x_wconf 87' lang='lat' dir='ltr'><strong>adhuc</strong></span> <span class='ocrx_word' id='word_1_745' title='bbox 413 2387 550 2422; x_wconf 87' lang='lat' dir='ltr'><strong>ponimus.</strong></span> <span class='ocrx_word' id='word_1_746' title='bbox 568 2385 617 2413; x_wconf 85' lang='lat' dir='ltr'><strong>His</strong></span> <span class='ocrx_word' id='word_1_747' title='bbox 634 2390 724 2412; x_wconf 86' lang='lat' dir='ltr'><strong>autem</strong></span> <span class='ocrx_word' id='word_1_748' title='bbox 741 2390 838 2420; x_wconf 68' lang='lat' dir='ltr'><strong>prmter</strong></span> <span class='ocrx_word' id='word_1_749' title='bbox 851 2393 910 2412; x_wconf 88' lang='lat' dir='ltr'><strong>eam</strong></span> <span class='ocrx_word' id='word_1_750' title='bbox 924 2385 957 2412; x_wconf 89' lang='lat' dir='ltr'><strong>de</strong></span> <span class='ocrx_word' id='word_1_751' title='bbox 970 2385 1024 2411; x_wconf 80' lang='lat' dir='ltr'><strong>vita</strong></span> 
     </span>
    </p>
   </div>
   <div class='ocr_carea' id='block_1_97' title="bbox 237 2430 1024 2468">
    <p class='ocr_par' dir='ltr' id='par_1_97' title="bbox 237 2430 1024 2468">
     <span class='ocr_line' id='line_1_97' title="bbox 237 2430 1024 2468; baseline -0.005 -8"><span class='ocrx_word' id='word_1_752' title='bbox 237 2433 341 2468; x_wconf 78' lang='lat' dir='ltr'><strong>agenda</strong></span> <span class='ocrx_word' id='word_1_753' title='bbox 359 2432 583 2465; x_wconf 88' lang='lat' dir='ltr'><strong>admonitionem,</strong></span> <span class='ocrx_word' id='word_1_754' title='bbox 606 2435 634 2458; x_wconf 91' lang='lat' dir='ltr'><strong>et</strong></span> <span class='ocrx_word' id='word_1_755' title='bbox 656 2431 738 2458; x_wconf 81' lang='lat' dir='ltr'><strong>aliam</strong></span> <span class='ocrx_word' id='word_1_756' title='bbox 763 2430 849 2463; x_wconf 87' lang='lat' dir='ltr'><strong>affert,</strong></span> <span class='ocrx_word' id='word_1_757' title='bbox 867 2434 1024 2457; x_wconf 89' lang='lat' dir='ltr'><strong>nutaturum</strong></span> 
     </span>
    </p>
   </div>
   <div class='ocr_carea' id='block_1_98' title="bbox 238 2477 1022 2513">
    <p class='ocr_par' dir='ltr' id='par_1_98' title="bbox 238 2477 1022 2513">
     <span class='ocr_line' id='line_1_98' title="bbox 238 2477 1022 2513; baseline -0.006 -6"><span class='ocrx_word' id='word_1_758' title='bbox 238 2480 342 2508; x_wconf 84' lang='lat' dir='ltr'><strong>scilicet</strong></span> <span class='ocrx_word' id='word_1_759' title='bbox 356 2479 512 2511; x_wconf 56' lang='lat' dir='ltr'><strong>aediﬁcium,</strong></span> <span class='ocrx_word' id='word_1_760' title='bbox 537 2478 561 2506; x_wconf 90' lang='lat' dir='ltr'><strong>si</strong></span> <span class='ocrx_word' id='word_1_761' title='bbox 584 2482 681 2513; x_wconf 74' lang='lat' dir='ltr'><strong>egeant</strong></span> <span class='ocrx_word' id='word_1_762' title='bbox 698 2477 904 2504; x_wconf 78' lang='lat' dir='ltr'><strong>fundamentum</strong></span> <span class='ocrx_word' id='word_1_763' title='bbox 921 2483 1022 2510; x_wconf 87' lang='lat' dir='ltr'><strong>ponere</strong></span> 
     </span>
    </p>
   </div>
   <div class='ocr_carea' id='block_1_99' title="bbox 237 2522 1022 2561">
    <p class='ocr_par' dir='ltr' id='par_1_99' title="bbox 237 2522 1022 2561">
     <span class='ocr_line' id='line_1_99' title="bbox 237 2522 1022 2561; baseline -0.006 -8"><span class='ocrx_word' id='word_1_764' title='bbox 237 2525 403 2561; x_wconf 64' lang='lat' dir='ltr'><strong>paenitentia:</strong></span> <span class='ocrx_word' id='word_1_765' title='bbox 418 2533 434 2552; x_wconf 85' lang='lat' dir='ltr'><strong>a</strong></span> <span class='ocrx_word' id='word_1_766' title='bbox 451 2524 567 2552; x_wconf 88' lang='lat' dir='ltr'><strong>mortuis</strong></span> <span class='ocrx_word' id='word_1_767' title='bbox 587 2523 727 2558; x_wconf 87' lang='lat' dir='ltr'><strong>operibus.</strong></span> <span class='ocrx_word' id='word_1_768' title='bbox 744 2523 876 2557; x_wconf 87' lang='lat' dir='ltr'><strong>Quisquis</strong></span> <span class='ocrx_word' id='word_1_769' title='bbox 898 2522 970 2549; x_wconf 90' lang='lat' dir='ltr'><strong>enim</strong></span> <span class='ocrx_word' id='word_1_770' title='bbox 987 2522 1022 2549; x_wconf 91' lang='lat' dir='ltr'><strong>ab</strong></span> 
     </span>
    </p>
   </div>
   <div class='ocr_carea' id='block_1_100' title="bbox 238 2569 1020 2605">
    <p class='ocr_par' dir='ltr' id='par_1_100' title="bbox 238 2569 1020 2605">
     <span class='ocr_line' id='line_1_100' title="bbox 238 2569 1020 2605; baseline -0.006 -5"><span class='ocrx_word' id='word_1_771' title='bbox 238 2573 293 2601; x_wconf 90' lang='lat' dir='ltr'><strong>alio</strong></span> <span class='ocrx_word' id='word_1_772' title='bbox 307 2573 334 2600; x_wconf 96' lang='lat' dir='ltr'><strong>in</strong></span> <span class='ocrx_word' id='word_1_773' title='bbox 347 2572 419 2600; x_wconf 88' lang='lat' dir='ltr'><strong>aliud</strong></span> <span class='ocrx_word' id='word_1_774' title='bbox 434 2571 608 2605; x_wconf 82' lang='lat' dir='ltr'><strong>transfertur,</strong></span> <span class='ocrx_word' id='word_1_775' title='bbox 623 2576 650 2599; x_wconf 89' lang='lat' dir='ltr'><strong>et</strong></span> <span class='ocrx_word' id='word_1_776' title='bbox 665 2571 739 2598; x_wconf 87' lang='lat' dir='ltr'><strong>aliud</strong></span> <span class='ocrx_word' id='word_1_777' title='bbox 763 2570 872 2604; x_wconf 82' lang='lat' dir='ltr'><strong>quidem</strong></span> <span class='ocrx_word' id='word_1_778' title='bbox 898 2569 1020 2600; x_wconf 91' lang='lat' dir='ltr'><strong>dimittit,</strong></span> 
     </span>
    </p>
   </div>
   <div class='ocr_carea' id='block_1_101' title="bbox 239 2615 1024 2654">
    <p class='ocr_par' dir='ltr' id='par_1_101' title="bbox 239 2615 1024 2654">
     <span class='ocr_line' id='line_1_101' title="bbox 239 2615 1024 2654; baseline -0.009 -8"><span class='ocrx_word' id='word_1_779' title='bbox 239 2618 312 2646; x_wconf 88' lang='lat' dir='ltr'><strong>aliud</strong></span> <span class='ocrx_word' id='word_1_780' title='bbox 332 2618 429 2653; x_wconf 80' lang='lat' dir='ltr'><strong>eligit;</strong></span> <span class='ocrx_word' id='word_1_781' title='bbox 451 2617 571 2654; x_wconf 89' lang='lat' dir='ltr'><strong>primum</strong></span> <span class='ocrx_word' id='word_1_782' title='bbox 588 2616 662 2644; x_wconf 84' lang='lat' dir='ltr'><strong>aliud</strong></span> <span class='ocrx_word' id='word_1_783' title='bbox 683 2615 814 2643; x_wconf 86' lang='lat' dir='ltr'><strong>damnare</strong></span> <span class='ocrx_word' id='word_1_784' title='bbox 833 2615 923 2646; x_wconf 87' lang='lat' dir='ltr'><strong>debet,</strong></span> <span class='ocrx_word' id='word_1_785' title='bbox 943 2618 1024 2648; x_wconf 80' lang='lat' dir='ltr'><strong>atque</strong></span> 
     </span>
    </p>
   </div>
   <div class='ocr_carea' id='block_1_102' title="bbox 238 2658 1024 2695">
    <p class='ocr_par' dir='ltr' id='par_1_102' title="bbox 238 2658 1024 2695">
     <span class='ocr_line' id='line_1_102' title="bbox 238 2658 1024 2695; baseline -0.005 -6"><span class='ocrx_word' id='word_1_786' title='bbox 238 2662 273 2689; x_wconf 91' lang='lat' dir='ltr'><strong>ab</strong></span> <span class='ocrx_word' id='word_1_787' title='bbox 284 2670 316 2689; x_wconf 83' lang='lat' dir='ltr'><strong>eo</strong></span> <span class='ocrx_word' id='word_1_788' title='bbox 329 2670 388 2689; x_wconf 90' lang='lat' dir='ltr'><strong>sese</strong></span> <span class='ocrx_word' id='word_1_789' title='bbox 397 2669 524 2689; x_wconf 90' lang='lat' dir='ltr'><strong>amovere</strong></span> <span class='ocrx_word' id='word_1_790' title='bbox 537 2666 593 2689; x_wconf 90' lang='lat' dir='ltr'><strong>toto</strong></span> <span class='ocrx_word' id='word_1_791' title='bbox 609 2661 717 2691; x_wconf 80' lang='lat' dir='ltr'><strong>aifectu,</strong></span> <span class='ocrx_word' id='word_1_792' title='bbox 730 2665 811 2695; x_wconf 83' lang='lat' dir='ltr'><strong>atque</strong></span> <span class='ocrx_word' id='word_1_793' title='bbox 824 2665 888 2687; x_wconf 91' lang='lat' dir='ltr'><strong>tunc</strong></span> <span class='ocrx_word' id='word_1_794' title='bbox 902 2659 935 2686; x_wconf 87' lang='lat' dir='ltr'><strong>ad</strong></span> <span class='ocrx_word' id='word_1_795' title='bbox 951 2658 1024 2685; x_wconf 86' lang='lat' dir='ltr'><strong>aliud</strong></span> 
     </span>
    </p>
   </div>
   <div class='ocr_carea' id='block_1_103' title="bbox 239 2704 1024 2741">
    <p class='ocr_par' dir='ltr' id='par_1_103' title="bbox 239 2704 1024 2741">
     <span class='ocr_line' id='line_1_103' title="bbox 239 2704 1024 2741; baseline -0.005 -6"><span class='ocrx_word' id='word_1_796' title='bbox 239 2715 268 2736; x_wconf 89' lang='lat' dir='ltr'><strong>se</strong></span> <span class='ocrx_word' id='word_1_797' title='bbox 286 2707 420 2736; x_wconf 86' lang='lat' dir='ltr'><strong>conferre.</strong></span> <span class='ocrx_word' id='word_1_798' title='bbox 435 2707 514 2741; x_wconf 92' lang='lat' dir='ltr'><strong>Quod</strong></span> <span class='ocrx_word' id='word_1_799' title='bbox 527 2707 551 2735; x_wconf 88' lang='lat' dir='ltr'><strong>si</strong></span> <span class='ocrx_word' id='word_1_800' title='bbox 566 2707 656 2734; x_wconf 89' lang='lat' dir='ltr'><strong>denuo</strong></span> <span class='ocrx_word' id='word_1_801' title='bbox 671 2707 754 2741; x_wconf 89' lang='lat' dir='ltr'><strong>priori</strong></span> <span class='ocrx_word' id='word_1_802' title='bbox 768 2706 906 2733; x_wconf 60' lang='lat' dir='ltr'><strong>adhaerere</strong></span> <span class='ocrx_word' id='word_1_803' title='bbox 918 2704 1024 2737; x_wconf 86' lang='lat' dir='ltr'><strong>debeat,</strong></span> 
     </span>
    </p>
   </div>
   <div class='ocr_carea' id='block_1_104' title="bbox 239 2750 1024 2789">
    <p class='ocr_par' dir='ltr' id='par_1_104' title="bbox 239 2750 1024 2789">
     <span class='ocr_line' id='line_1_104' title="bbox 239 2750 1024 2789; baseline -0.005 -8"><span class='ocrx_word' id='word_1_804' title='bbox 239 2761 294 2789; x_wconf 90' lang='lat' dir='ltr'><strong>quo</strong></span> <span class='ocrx_word' id='word_1_805' title='bbox 305 2758 384 2789; x_wconf 87' lang='lat' dir='ltr'><strong>pacto</strong></span> <span class='ocrx_word' id='word_1_806' title='bbox 398 2752 432 2780; x_wconf 88' lang='lat' dir='ltr'><strong>ad</strong></span> <span class='ocrx_word' id='word_1_807' title='bbox 447 2752 582 2788; x_wconf 86' lang='lat' dir='ltr'><strong>posterius</strong></span> <span class='ocrx_word' id='word_1_808' title='bbox 593 2752 682 2780; x_wconf 89' lang='lat' dir='ltr'><strong>denuo</strong></span> <span class='ocrx_word' id='word_1_809' title='bbox 696 2753 801 2787; x_wconf 76' lang='lat'><strong>1012</strong></span> <span class='ocrx_word' id='word_1_810' title='bbox 818 2750 943 2779; x_wconf 79' lang='lat' dir='ltr'><strong>accedet?</strong></span> <span class='ocrx_word' id='word_1_811' title='bbox 954 2750 1024 2783; x_wconf 85' lang='lat' dir='ltr'><strong>Quid</strong></span> 
     </span>
    </p>
   </div>
   <div class='ocr_carea' id='block_1_105' title="bbox 239 2797 1024 2834">
    <p class='ocr_par' dir='ltr' id='par_1_105' title="bbox 239 2797 1024 2834">
     <span class='ocr_line' id='line_1_105' title="bbox 239 2797 1024 2834; baseline -0.005 -7"><span class='ocrx_word' id='word_1_812' title='bbox 239 2800 291 2834; x_wconf 85' lang='lat' dir='ltr'><strong>ais,</strong></span> <span class='ocrx_word' id='word_1_813' title='bbox 312 2800 397 2834; x_wconf 78' lang='lat' dir='ltr'><strong>legem</strong></span> <span class='ocrx_word' id='word_1_814' title='bbox 422 2798 639 2834; x_wconf 82' lang='lat' dir='ltr'><strong>reprobavimus,</strong></span> <span class='ocrx_word' id='word_1_815' title='bbox 664 2802 692 2825; x_wconf 86' lang='lat' dir='ltr'><strong>at</strong></span> <span class='ocrx_word' id='word_1_816' title='bbox 716 2799 805 2825; x_wconf 91' lang='lat' dir='ltr'><strong>denuo</strong></span> <span class='ocrx_word' id='word_1_817' title='bbox 820 2798 900 2833; x_wconf 87' lang='lat' dir='ltr'><strong>jubes</strong></span> <span class='ocrx_word' id='word_1_818' title='bbox 917 2797 950 2824; x_wconf 84' lang='lat' dir='ltr'><strong>ad</strong></span> <span class='ocrx_word' id='word_1_819' title='bbox 964 2804 1024 2824; x_wconf 88' lang='lat' dir='ltr'><strong>eam</strong></span> 
     </span>
    </p>
   </div>
   <div class='ocr_carea' id='block_1_106' title="bbox 277 2879 1015 2913">
    <p class='ocr_par' dir='ltr' id='par_1_106' title="bbox 277 2879 1015 2913">
     <span class='ocr_line' id='line_1_106' title="bbox 277 2879 1015 2913; baseline -0.004 -4"><span class='ocrx_word' id='word_1_820' title='bbox 277 2882 321 2908; x_wconf 84' lang='lat' dir='ltr'><strong>“l</strong></span> <span class='ocrx_word' id='word_1_821' title='bbox 355 2881 417 2909; x_wconf 90' lang='lat' dir='ltr'><strong>Cor.</strong></span> <span class='ocrx_word' id='word_1_822' title='bbox 443 2889 483 2913; x_wconf 88' lang='lat' dir='ltr'><strong>tu,</strong></span> <span class='ocrx_word' id='word_1_823' title='bbox 500 2880 542 2908; x_wconf 84' lang='grc'><strong>10.</strong></span> <span class='ocrx_word' id='word_1_824' title='bbox 581 2881 603 2896; x_wconf 76' lang='grc'><strong>⁷⁸</strong></span> <span class='ocrx_word' id='word_1_825' title='bbox 623 2879 705 2908; x_wconf 79' lang='lat' dir='ltr'><strong>Hebr.</strong></span> <span class='ocrx_word' id='word_1_826' title='bbox 723 2889 760 2908; x_wconf 75' lang='lat' dir='ltr'><strong>vr.</strong></span> <span class='ocrx_word' id='word_1_827' title='bbox 798 2880 819 2896; x_wconf 78' lang='grc'><strong>⁷³</strong></span> <span class='ocrx_word' id='word_1_828' title='bbox 832 2879 913 2908; x_wconf 90' lang='lat' dir='ltr'><strong>llebr.</strong></span> <span class='ocrx_word' id='word_1_829' title='bbox 932 2888 958 2912; x_wconf 75' lang='grc' dir='ltr'><strong>ν,</strong></span> <span class='ocrx_word' id='word_1_830' title='bbox 974 2880 1015 2907; x_wconf 82' lang='grc'><strong>15.</strong></span> 
     </span>
    </p>
   </div>
   <div class='ocr_carea' id='block_1_107' title="bbox 1073 2286 1858 2322">
    <p class='ocr_par' dir='ltr' id='par_1_107' title="bbox 1073 2286 1858 2322">
     <span class='ocr_line' id='line_1_107' title="bbox 1073 2286 1858 2322; baseline -0.001 -9"><span class='ocrx_word' id='word_1_831' title='bbox 1073 2296 1117 2318; x_wconf 88' lang='grc' dir='ltr'><strong>νος</strong></span> <span class='ocrx_word' id='word_1_832' title='bbox 1132 2288 1171 2318; x_wconf 86' lang='grc' dir='ltr'>εἰς</span> <span class='ocrx_word' id='word_1_833' title='bbox 1195 2286 1287 2322; x_wconf 77' lang='grc' dir='ltr'>ἓτερον</span> <span class='ocrx_word' id='word_1_834' title='bbox 1305 2286 1525 2322; x_wconf 80' lang='grc' dir='ltr'>μετατιθέμενον,</span> <span class='ocrx_word' id='word_1_835' title='bbox 1550 2287 1597 2313; x_wconf 73' lang='grc' dir='ltr'><strong>καὶ</strong></span> <span class='ocrx_word' id='word_1_836' title='bbox 1618 2286 1647 2312; x_wconf 84' lang='grc' dir='ltr'>τὸ</span> <span class='ocrx_word' id='word_1_837' title='bbox 1670 2286 1720 2321; x_wconf 84' lang='grc' dir='ltr'><strong>μὲν</strong></span> <span class='ocrx_word' id='word_1_838' title='bbox 1736 2287 1858 2320; x_wconf 73' lang='grc' dir='ltr'>ἀφιέντα,</span> 
     </span>
    </p>
   </div>
   <div class='ocr_carea' id='block_1_108' title="bbox 1073 2332 1858 2369">
    <p class='ocr_par' dir='ltr' id='par_1_108' title="bbox 1073 2332 1858 2369">
     <span class='ocr_line' id='line_1_108' title="bbox 1073 2332 1858 2369; baseline 0 -10"><span class='ocrx_word' id='word_1_839' title='bbox 1073 2333 1105 2360; x_wconf 68' lang='grc' dir='ltr'>τὸ</span> <span class='ocrx_word' id='word_1_840' title='bbox 1113 2333 1141 2359; x_wconf 83' lang='grc' dir='ltr'>δὲ</span> <span class='ocrx_word' id='word_1_841' title='bbox 1159 2333 1337 2368; x_wconf 77' lang='grc' dir='ltr'>αἱρούμενον,</span> <span class='ocrx_word' id='word_1_842' title='bbox 1355 2334 1488 2369; x_wconf 80' lang='grc' dir='ltr'>πρότερον</span> <span class='ocrx_word' id='word_1_843' title='bbox 1502 2332 1584 2360; x_wconf 80' lang='grc' dir='ltr'>αὑτοῦ</span> <span class='ocrx_word' id='word_1_844' title='bbox 1602 2333 1775 2367; x_wconf 80' lang='grc' dir='ltr'>καταγνῶναι</span> <span class='ocrx_word' id='word_1_845' title='bbox 1796 2334 1858 2369; x_wconf 75' lang='grc' dir='ltr'>χρὴ.</span> 
     </span>
    </p>
   </div>
   <div class='ocr_carea' id='block_1_109' title="bbox 1075 2379 1859 2414">
    <p class='ocr_par' dir='ltr' id='par_1_109' title="bbox 1075 2379 1859 2414">
     <span class='ocr_line' id='line_1_109' title="bbox 1075 2379 1859 2414; baseline -0.001 -8"><span class='ocrx_word' id='word_1_846' title='bbox 1075 2380 1121 2406; x_wconf 68' lang='grc' dir='ltr'><strong>καὶ</strong></span> <span class='ocrx_word' id='word_1_847' title='bbox 1141 2380 1291 2414; x_wconf 72' lang='grc' dir='ltr'>ἀποστῆναι</span> <span class='ocrx_word' id='word_1_848' title='bbox 1309 2381 1341 2414; x_wconf 82' lang='grc' dir='ltr'>τῇ</span> <span class='ocrx_word' id='word_1_849' title='bbox 1356 2379 1483 2410; x_wconf 79' lang='grc' dir='ltr'>διαθέσει,</span> <span class='ocrx_word' id='word_1_850' title='bbox 1500 2380 1547 2406; x_wconf 71' lang='grc' dir='ltr'><strong>καὶ</strong></span> <span class='ocrx_word' id='word_1_851' title='bbox 1561 2379 1621 2405; x_wconf 79' lang='grc' dir='ltr'>τότε</span> <span class='ocrx_word' id='word_1_852' title='bbox 1639 2379 1726 2407; x_wconf 76' lang='grc' dir='ltr'>ἐλθεῖν</span> <span class='ocrx_word' id='word_1_853' title='bbox 1746 2380 1789 2414; x_wconf 67' lang='grc' dir='ltr'><strong>ἐφ’</strong></span> <span class='ocrx_word' id='word_1_854' title='bbox 1805 2380 1859 2405; x_wconf 70' lang='grc' dir='ltr'><strong>ἒξε-</strong></span> 
     </span>
    </p>
   </div>
   <div class='ocr_carea' id='block_1_110' title="bbox 1077 2424 1860 2461">
    <p class='ocr_par' dir='ltr' id='par_1_110' title="bbox 1077 2424 1860 2461">
     <span class='ocr_line' id='line_1_110' title="bbox 1077 2424 1860 2461; baseline -0.001 -10"><span class='ocrx_word' id='word_1_855' title='bbox 1077 2434 1132 2461; x_wconf 86' lang='grc' dir='ltr'>ρον.</span> <span class='ocrx_word' id='word_1_856' title='bbox 1143 2425 1175 2451; x_wconf 76' lang='grc' dir='ltr'><strong>Εἰ</strong></span> <span class='ocrx_word' id='word_1_857' title='bbox 1190 2425 1217 2451; x_wconf 72' lang='grc' dir='ltr'>δὲ</span> <span class='ocrx_word' id='word_1_858' title='bbox 1230 2425 1276 2451; x_wconf 76' lang='grc' dir='ltr'>τοῦ</span> <span class='ocrx_word' id='word_1_859' title='bbox 1293 2425 1425 2460; x_wconf 72' lang='grc' dir='ltr'>προτέρου</span> <span class='ocrx_word' id='word_1_860' title='bbox 1448 2425 1528 2452; x_wconf 73' lang='grc' dir='ltr'>πάλιν</span> <span class='ocrx_word' id='word_1_861' title='bbox 1546 2425 1654 2460; x_wconf 76' lang='grc' dir='ltr'>ἔχεσθαι</span> <span class='ocrx_word' id='word_1_862' title='bbox 1675 2425 1777 2460; x_wconf 78' lang='grc' dir='ltr'>μέλλοι,</span> <span class='ocrx_word' id='word_1_863' title='bbox 1804 2424 1860 2455; x_wconf 80' lang='grc' dir='ltr'><strong>πῶς</strong></span> 
     </span>
    </p>
   </div>
   <div class='ocr_carea' id='block_1_111' title="bbox 1075 2471 1860 2508">
    <p class='ocr_par' dir='ltr' id='par_1_111' title="bbox 1075 2471 1860 2508">
     <span class='ocr_line' id='line_1_111' title="bbox 1075 2471 1860 2508; baseline -0.001 -10"><span class='ocrx_word' id='word_1_864' title='bbox 1075 2472 1122 2499; x_wconf 77' lang='grc' dir='ltr'>τοῦ</span> <span class='ocrx_word' id='word_1_865' title='bbox 1145 2472 1271 2508; x_wconf 79' lang='grc' dir='ltr'>δευτέρου</span> <span class='ocrx_word' id='word_1_866' title='bbox 1288 2471 1404 2506; x_wconf 51' lang='lat' dir='ltr'><strong>aeaut;</strong></span> <span class='ocrx_word' id='word_1_867' title='bbox 1427 2471 1458 2498; x_wconf 86' lang='grc' dir='ltr'><strong>Τί</strong></span> <span class='ocrx_word' id='word_1_868' title='bbox 1476 2473 1539 2507; x_wconf 74' lang='grc' dir='ltr'>φῇς,</span> <span class='ocrx_word' id='word_1_869' title='bbox 1559 2473 1734 2506; x_wconf 74' lang='grc' dir='ltr'>κατεγνωμεν</span> <span class='ocrx_word' id='word_1_870' title='bbox 1750 2471 1796 2498; x_wconf 76' lang='grc' dir='ltr'>τοῦ</span> <span class='ocrx_word' id='word_1_871' title='bbox 1820 2471 1860 2498; x_wconf 78' lang='grc' dir='ltr'><strong>νό-</strong></span> 
     </span>
    </p>
   </div>
   <div class='ocr_carea' id='block_1_112' title="bbox 1078 2517 1860 2554">
    <p class='ocr_par' dir='ltr' id='par_1_112' title="bbox 1078 2517 1860 2554">
     <span class='ocr_line' id='line_1_112' title="bbox 1078 2517 1860 2554; baseline -0.003 -9"><span class='ocrx_word' id='word_1_872' title='bbox 1078 2528 1139 2554; x_wconf 70' lang='grc' dir='ltr'>μου,</span> <span class='ocrx_word' id='word_1_873' title='bbox 1154 2519 1201 2545; x_wconf 76' lang='grc' dir='ltr'>καὶ</span> <span class='ocrx_word' id='word_1_874' title='bbox 1212 2518 1291 2545; x_wconf 73' lang='grc' dir='ltr'>πάλιν</span> <span class='ocrx_word' id='word_1_875' title='bbox 1303 2519 1346 2544; x_wconf 78' lang='grc' dir='ltr'><strong>ἐπ’</strong></span> <span class='ocrx_word' id='word_1_876' title='bbox 1360 2518 1442 2545; x_wconf 72' lang='grc' dir='ltr'>αὐτὸν</span> <span class='ocrx_word' id='word_1_877' title='bbox 1453 2519 1611 2554; x_wconf 75' lang='grc' dir='ltr'>ἀνατρέχειν</span> <span class='ocrx_word' id='word_1_878' title='bbox 1623 2517 1744 2549; x_wconf 82' lang='grc' dir='ltr'>κελεύεις</span> <span class='ocrx_word' id='word_1_879' title='bbox 1756 2526 1763 2550; x_wconf 86' lang='grc'>;</span> <span class='ocrx_word' id='word_1_880' title='bbox 1776 2517 1860 2544; x_wconf 76' lang='grc' dir='ltr'>Τοῦτο</span> 
     </span>
    </p>
   </div>
   <div class='ocr_carea' id='block_1_113' title="bbox 1075 2564 1858 2600">
    <p class='ocr_par' dir='ltr' id='par_1_113' title="bbox 1075 2564 1858 2600">
     <span class='ocr_line' id='line_1_113' title="bbox 1075 2564 1858 2600; baseline -0.003 -8"><span class='ocrx_word' id='word_1_881' title='bbox 1075 2566 1124 2592; x_wconf 81' lang='grc' dir='ltr'>οὐκ</span> <span class='ocrx_word' id='word_1_882' title='bbox 1140 2565 1196 2591; x_wconf 78' lang='grc' dir='ltr'>ἔστι</span> <span class='ocrx_word' id='word_1_883' title='bbox 1209 2564 1351 2600; x_wconf 80' lang='grc' dir='ltr'>μετάθεσις</span> <span class='ocrx_word' id='word_1_884' title='bbox 1366 2573 1372 2579; x_wconf 88' lang='grc'><strong>·</strong></span> <span class='ocrx_word' id='word_1_885' title='bbox 1390 2566 1437 2591; x_wconf 74' lang='grc' dir='ltr'><strong>καὶ</strong></span> <span class='ocrx_word' id='word_1_886' title='bbox 1451 2565 1505 2600; x_wconf 76' lang='grc' dir='ltr'><strong>γὰρ</strong></span> <span class='ocrx_word' id='word_1_887' title='bbox 1520 2564 1637 2591; x_wconf 77' lang='grc' dir='ltr'>ἐνταῦθα</span> <span class='ocrx_word' id='word_1_888' title='bbox 1654 2564 1751 2600; x_wconf 80' lang='grc' dir='ltr'>ἔχομεν</span> <span class='ocrx_word' id='word_1_889' title='bbox 1770 2564 1858 2599; x_wconf 81' lang='grc' dir='ltr'>νόμον.</span> 
     </span>
    </p>
   </div>
   <div class='ocr_carea' id='block_1_114' title="bbox 1075 2609 1858 2647">
    <p class='ocr_par' dir='ltr' id='par_1_114' title="bbox 1075 2609 1858 2647">
     <span class='ocr_line' id='line_1_114' title="bbox 1075 2609 1858 2647; baseline -0.003 -9"><span class='ocrx_word' id='word_1_890' title='bbox 1075 2611 1166 2647; x_wconf 75' lang='grc' dir='ltr'>Νόμων</span> <span class='ocrx_word' id='word_1_891' title='bbox 1179 2609 1236 2644; x_wconf 75' lang='grc' dir='ltr'>οὖν,</span> <span class='ocrx_word' id='word_1_892' title='bbox 1259 2612 1337 2646; x_wconf 65' lang='grc' dir='ltr'>φησι,</span> <span class='ocrx_word' id='word_1_893' title='bbox 1363 2611 1554 2646; x_wconf 82' lang='grc' dir='ltr'>καταργοῦμεν</span> <span class='ocrx_word' id='word_1_894' title='bbox 1579 2611 1624 2637; x_wconf 75' lang='grc' dir='ltr'><strong>διὰ</strong></span> <span class='ocrx_word' id='word_1_895' title='bbox 1646 2611 1695 2646; x_wconf 76' lang='grc' dir='ltr'><strong>τῆς</strong></span> <span class='ocrx_word' id='word_1_896' title='bbox 1718 2611 1858 2642; x_wconf 64' lang='lat' dir='ltr'><strong>sris-15mg;</strong></span> 
     </span>
    </p>
   </div>
   <div class='ocr_carea' id='block_1_115' title="bbox 1077 2655 1858 2692">
    <p class='ocr_par' dir='ltr' id='par_1_115' title="bbox 1077 2655 1858 2692">
     <span class='ocr_line' id='line_1_115' title="bbox 1077 2655 1858 2692; baseline -0.003 -9"><span class='ocrx_word' id='word_1_897' title='bbox 1077 2658 1114 2692; x_wconf 86' lang='grc' dir='ltr'>μὴ</span> <span class='ocrx_word' id='word_1_898' title='bbox 1132 2657 1253 2691; x_wconf 70' lang='grc' dir='ltr'>γένοιτοῑ</span> <span class='ocrx_word' id='word_1_899' title='bbox 1270 2656 1337 2683; x_wconf 78' lang='grc' dir='ltr'>ἀλλὰ</span> <span class='ocrx_word' id='word_1_900' title='bbox 1352 2656 1432 2692; x_wconf 82' lang='grc' dir='ltr'>νόμον</span> <span class='ocrx_word' id='word_1_901' title='bbox 1454 2656 1580 2691; x_wconf 75' lang='grc' dir='ltr'>ἱστῶμεν.</span> <span class='ocrx_word' id='word_1_902' title='bbox 1608 2655 1678 2690; x_wconf 84' lang='grc' dir='ltr'><strong>Ἐγὼ</strong></span> <span class='ocrx_word' id='word_1_903' title='bbox 1690 2656 1717 2682; x_wconf 80' lang='grc' dir='ltr'>δὲ</span> <span class='ocrx_word' id='word_1_904' title='bbox 1732 2656 1796 2691; x_wconf 72' lang='grc' dir='ltr'>περὶ</span> <span class='ocrx_word' id='word_1_905' title='bbox 1811 2663 1858 2682; x_wconf 66' lang='lat' dir='ltr'><strong>re-</strong></span> 
     </span>
    </p>
   </div>
   <div class='ocr_carea' id='block_1_116' title="bbox 1075 2699 1858 2738">
    <p class='ocr_par' dir='ltr' id='par_1_116' title="bbox 1075 2699 1858 2738">
     <span class='ocr_line' id='line_1_116' title="bbox 1075 2699 1858 2738; baseline -0.004 -9"><span class='ocrx_word' id='word_1_906' title='bbox 1075 2703 1164 2738; x_wconf 80' lang='grc' dir='ltr'>νηρῶν</span> <span class='ocrx_word' id='word_1_907' title='bbox 1191 2700 1267 2728; x_wconf 80' lang='grc' dir='ltr'>εἶπον</span> <span class='ocrx_word' id='word_1_908' title='bbox 1284 2702 1472 2737; x_wconf 80' lang='grc' dir='ltr'>πραγμάτων,</span> <span class='ocrx_word' id='word_1_909' title='bbox 1504 2701 1560 2728; x_wconf 80' lang='grc' dir='ltr'>ἀλλ’</span> <span class='ocrx_word' id='word_1_910' title='bbox 1577 2702 1607 2728; x_wconf 84' lang='grc' dir='ltr'><strong>οὐ</strong></span> <span class='ocrx_word' id='word_1_911' title='bbox 1631 2701 1695 2737; x_wconf 67' lang='grc' dir='ltr'>περὶ</span> <span class='ocrx_word' id='word_1_912' title='bbox 1715 2701 1810 2735; x_wconf 79' lang='grc' dir='ltr'>νόμου.</span> <span class='ocrx_word' id='word_1_913' title='bbox 1832 2699 1858 2725; x_wconf 83' lang='grc'><strong>’0</strong></span> 
     </span>
    </p>
   </div>
   <div class='ocr_carea' id='block_1_117' title="bbox 1075 2746 1858 2784">
    <p class='ocr_par' dir='ltr' id='par_1_117' title="bbox 1075 2746 1858 2784">
     <span class='ocr_line' id='line_1_117' title="bbox 1075 2746 1858 2784; baseline -0.004 -10"><span class='ocrx_word' id='word_1_914' title='bbox 1075 2748 1129 2784; x_wconf 82' lang='grc' dir='ltr'>γὰρ</span> <span class='ocrx_word' id='word_1_915' title='bbox 1147 2747 1250 2784; x_wconf 80' lang='grc' dir='ltr'>μέλλων</span> <span class='ocrx_word' id='word_1_916' title='bbox 1265 2747 1307 2773; x_wconf 76' lang='grc' dir='ltr'><strong>ἐπ’</strong></span> <span class='ocrx_word' id='word_1_917' title='bbox 1328 2747 1429 2782; x_wconf 80' lang='grc' dir='ltr'>ἀρετὴν</span> <span class='ocrx_word' id='word_1_918' title='bbox 1445 2746 1549 2773; x_wconf 68' lang='grc' dir='ltr'>ἐπιέναι</span> <span class='ocrx_word' id='word_1_919' title='bbox 1563 2767 1570 2778; x_wconf 88' lang='grc'><strong>,</strong></span> <span class='ocrx_word' id='word_1_920' title='bbox 1593 2746 1724 2781; x_wconf 79' lang='grc' dir='ltr'>πρότερον</span> <span class='ocrx_word' id='word_1_921' title='bbox 1747 2746 1797 2780; x_wconf 83' lang='grc' dir='ltr'>τῆς</span> <span class='ocrx_word' id='word_1_922' title='bbox 1811 2752 1858 2772; x_wconf 66' lang='lat' dir='ltr'><strong>wa-</strong></span> 
     </span>
    </p>
   </div>
   <div class='ocr_carea' id='block_1_118' title="bbox 1076 2790 1855 2828">
    <p class='ocr_par' dir='ltr' id='par_1_118' title="bbox 1076 2790 1855 2828">
     <span class='ocr_line' id='line_1_118' title="bbox 1076 2790 1855 2828; baseline -0.009 -6"><span class='ocrx_word' id='word_1_923' title='bbox 1076 2795 1138 2826; x_wconf 86' lang='grc' dir='ltr'>κίας</span> <span class='ocrx_word' id='word_1_924' title='bbox 1153 2793 1325 2828; x_wconf 74' lang='grc' dir='ltr'>καταγνῶναι</span> <span class='ocrx_word' id='word_1_925' title='bbox 1342 2793 1455 2828; x_wconf 69' lang='grc' dir='ltr'>ὀφείλει,</span> <span class='ocrx_word' id='word_1_926' title='bbox 1472 2793 1518 2820; x_wconf 76' lang='grc' dir='ltr'><strong>καὶ</strong></span> <span class='ocrx_word' id='word_1_927' title='bbox 1530 2792 1590 2819; x_wconf 78' lang='grc' dir='ltr'>τότε</span> <span class='ocrx_word' id='word_1_928' title='bbox 1612 2791 1696 2826; x_wconf 79' lang='grc' dir='ltr'>αὐτὴν</span> <span class='ocrx_word' id='word_1_929' title='bbox 1713 2790 1855 2826; x_wconf 72' lang='grc' dir='ltr'>μετελθεῖν.</span> 
     </span>
    </p>
   </div>
  </div>
