1939 3041
217 151 285 180 ιω

513 151 541 178 δι
562 150 747 179 ATHANASII
766 150 842 178 OPP.
864 150 953 178 PARS
970 150 990 178 1.
1009 166 1043 172 -
1062 149 1248 178 HISTORICA
1264 149 1308 177 ET
1326 148 1536 178 DOGMATICA.

1759 150 1829 177 {22$

256 207 332 248 Cod.
361 206 448 239 Colb.
478 207 559 239 M397
586 207 742 248 Panoplt'a
758 207 923 247 Euthymii
954 207 1135 248 Zygaberni.
1153 207 1185 237 in
1208 215 1271 246 qua
1300 205 1456 245 permulta
1470 208 1593 236 exstant
1609 203 1828 248 ex_Athana_~ii

217 247 369 291 operibus
399 256 496 286 supra
524 247 619 279 editis
637 244 795 286 ex'cerpta.
812 244 875 278 Nos
892 256 930 278 ea
947 244 1052 278 solum
1067 247 1180 277 damus
1198 244 1269 286 quae
1289 244 1446 285 nusquam
1465 248 1590 275 exstant
1612 244 1708 275 edita.
1726 244 1829 276 Dubia

217 287 366 317 videntur
383 295 467 318 esse.

217 349 342 384 Ejusdem
366 349 542 384 (Athanasii)
566 355 657 377 contra
687 349 854 377 Valentinum
871 370 878 381 ,
904 351 950 384 qui
971 351 990 376 ir

1051 349 1108 376 Τοῦ
1122 349 1214 376 αὑτοῦ
1234 350 1242 383 (
1258 347 1448 384 Ἀθανασίου)
1464 347 1781 384 κατὰῌΟὺαλετ-τίνου.)
1793 347 1830 374 τὰ

249 385 341 446 Ζιιιιιίς
354 385 481 426 consentit
502 393 562 412 eum
580 386 613 412 iis
627 386 672 421 qui
684 393 763 420 supra
777 387 914 412 memorati
937 390 998 412 sunt

268 425 391 446 wreticts.

268 425 391 446 wrettcts.

250 486 321 519 Quid
337 493 426 513 causa:
441 491 482 514 est
494 487 566 521 quod
579 486 669 514 dicitis
681 485 830 518 Christtlm,
847 486 995 518 caelestem,

217 540 271 560 non
289 533 435 559 humanam
455 533 575 560 induisse
588 541 707 564 carnem.
718 541 781 559 cum
800 532 944 566 Apostolus
957 532 998 558 di-

215 583 280 606 cat:
303 577 355 610 Qui
384 579 532 611 sanctiﬁcat
559 583 583 605 et
599 579 643 613 qui
665 578 876 613 sanctiﬁcantur,
899 585 931 604 ea:
946 585 996 603 uno

215 627 303 646 omnes
313 621 326 647 .'
340 619 425 652 Quam
438 622 469 647 ob
485 629 594 647 causam
608 629 659 648 non
671 622 809 653 erubescit,
826 622 922 657 inquit,
939 623 995 657 fra-

216 670 268 692 tres
294 673 337 692 eos
359 667 502 701 appellare,
526 667 613 694 dicens
632 675 641 694 :
659 666 782 694 Narrabo
808 676 899 694 nomen
923 673 995 696 tuum

215 710 343 746 fratribus
360 713 423 739 meis
437 713 469 738 ⁷⁸.
486 712 528 739 Ex
542 721 592 739 uno
607 718 707 744 autem,
720 714 855 747 quonam?
869 721 901 740 ex
911 715 996 742 Adam

214 757 348 791 videlicet,
367 757 472 792 1013
485 758 560 792 juxta
575 757 654 785 Luca
673 757 867 794 genealogiam.
883 759 922 786 Ae
935 767 995 786 rur-

215 811 291 830 sum:
303 802 373 836 Quia
387 805 460 837 pueri
469 804 727 831 communicaverunt
741 805 814 831 carni
825 809 849 832 et
860 805 992 840 sanguini,

213 853 240 876 et
257 849 311 883 ipse
323 849 447 876 similiter
458 850 628 884 participaui!
640 850 737 877 eisdem
751 850 785 877 7°.
801 850 888 886 Atque
903 855 933 878 ut
943 859 995 879 cm-

214 894 291 922 lestis
307 894 396 921 carnis
425 894 526 922 adimat
553 895 745 929 suspicionem,
762 895 895 930 subjecit:
922 895 995 923 Nus-

214 945 293 972 quam
308 938 376 964 enim
388 938 494 973 angelos
506 938 684 973 apprehendit,
702 939 746 966 sed
763 948 848 967 semen
863 940 993 968 Abrahw:

213 983 282 1009 unde
303 983 390 1009 debuit
406 991 451 1017 per
464 984 551 1010 omnia
563 984 690 1018 fratribus
711 985 824 1012 similari
836 986 868 1012 3°.
890 986 922 1013 Et
934 987 993 1021 plu-

1084 384 1183 426 πολλὰ
1206 382 1369 425 ςύμφώνου
1394 382 1481 415 ὄντος
1507 382 1569 415 τοῖς
1593 382 1830 417 προδηλωθεῖσιν

1082 428 1247 453 αιρετικοις.

1082 484 1144 516 Πῶς
1167 484 1259 518 λέγετε
1275 484 1391 519 Χριστὸν
1410 483 1537 518 οὐρανίαν
1559 483 1647 519 σάρκα
1664 484 1829 520 περιϐεϐλῆ-

1047 530 1119 562 σθαι,
1145 530 1192 556 καὶ
1212 530 1262 557 οὑκ
1278 529 1460 565 ἀνθρωπίνην,
1489 529 1576 556 καίτοι
1597 529 1643 556 τοῦ
1667 530 1827 556 ’Λτιοπόλου

1047 577 1196 610 φάσκοντος
1216 584 1223 591 ·
1247 576 1274 602 Ὀ
1307 575 1430 610 ἁγιάζων
1458 576 1505 602 καὶ
1534 577 1560 602 ol
1585 575 1767 610 drtafdperot
1792 576 1828 609 ἐξ

1046 621 1115 653 ἐνὸς
1127 620 1254 653 πάντες;
1270 619 1309 646 Δι’
1324 621 1356 656 ἣν
1380 620 1468 647 αἰτίαν
1489 621 1539 647 οὐκ
1555 621 1758 656 ἐπαισχύνεται,
1774 631 1828 657 φη-

1047 667 1098 697 σὶν,
1115 665 1243 700 ἀδελφοὺς
1261 666 1359 697 αὐτοὺς
1380 665 1489 697 καλεῖν,
1514 666 1602 700 λέγων
1614 674 1621 681 °
1655 667 1829 702 Ἀπαγγελῶ

1046 710 1078 736 τὸ
1097 709 1190 745 ὄνομά
1210 719 1268 737 σου
1293 710 1354 743 τοῖς
1379 710 1522 745 ἀδελφοῖς
1538 720 1608 746 μου.
1630 712 1677 744 Ἐξ
1692 712 1762 746 ἐνὸς
1777 713 1805 739 δὲ
1819 732 1828 744 ,

1044 757 1132 790 rivos;
1160 757 1213 783 Τοῦ
1235 757 1319 792 Ἀδὰμ
1340 757 1470 793 δηλονότι,
1487 758 1558 785 κατὰ
1583 758 1632 794 τὴν
1657 758 1705 785 τοῦ
1734 760 1830 787 Δουκᾶ

1045 802 1218 837 γενεαλογίαν
1235 811 1241 817 ·
1262 803 1310 829 καὶ
1328 802 1424 829 πάλιν·
1447 802 1528 830 Ἐπεὶ
1554 803 1590 830 τὰ
1612 803 1715 830 παιδία
1732 812 1830 831 κεκοι-

1044 848 1160 883 νώνηκε
1186 848 1300 883 σαρκὸς
1324 849 1372 876 καὶ
1395 849 1528 884 αἵματος,
1544 850 1593 876 καὶ
1621 849 1714 884 αὐτὸς
1733 858 1828 885 παρα-

1044 895 1180 928 πλησίως
1198 893 1310 929 ἐπέσχε
1326 893 1384 921 τῶν
1395 895 1504 922 αὐτῶν.
1524 895 1656 931 ’Δναιρῶν
1673 895 1701 922 δὲ
1717 896 1763 922 καὶ
1776 896 1829 931 τὴν

1044 941 1176 975 ὑπόληψιν
1188 940 1238 975 τῆς
1256 941 1380 976 οὐρανίου
1398 941 1507 976 σαρκὸς,
1522 942 1661 977 ἐπήγαγεν
1674 951 1680 958 ·
1702 943 1744 969 Οὐ
1770 943 1829 977 γὰρ

1043 986 1141 1020 δήπου
1153 986 1288 1022 ἀγγέλων
1305 978 1546 1021 ἐπιλαμϐάνεται,
1563 987 1643 1014 ἀλλὰ
1657 987 1830 1022 σπέρματος

213 1029 282 1056 rima
294 1029 437 1064 ejusmodi.
455 1028 506 1057 Sed
522 1029 663 1063 Dominus,
681 1030 766 1063 aiunt,
782 1031 850 1059 dixit
863 1032 891 1058 in
904 1032 990 1060 Evan~

1050 1031 1173 1066 Ἁϐραάμ
1190 1041 1197 1047 ·
1220 1031 1290 1059 ὅθεν
1308 1031 1417 1065 ὤφειλε
1440 1030 1516 1057 κατὰ
1530 1030 1628 1058 πάντα
1653 1031 1714 1064 τοῖς
1738 1031 1829 1058 ἀδελ-

213 1073 308 1108 geliis:
325 1073 408 1100 Nemo
422 1074 538 1101 ascendit
552 1075 579 1101 in
594 1075 697 1106 calum,
711 1075 763 1101 nisi
771 1076 815 1109 qui
826 1084 858 1103 ea:
872 1076 936 1103 caelo
946 1077 992 1104 de-

213 1119 314 1146 scendit
333 1119 420 1146 Filius
433 1120 556 1152 hominis,
569 1122 663 1155 quiest
675 1121 702 1147 in
715 1120 778 1147 uelo
789 1120 821 1148 ⁶¹.
834 1121 872 1148 Ac
883 1129 991 1149 rursum

212 1164 356 1200 Apostolus
369 1174 376 1192 :
389 1165 493 1192 Primus
507 1166 582 1193 homo
593 1166 624 1193 de
639 1171 709 1193 terra
724 1169 992 1199 terrenus;secundus

211 1211 300 1244 homo,
316 1211 448 1239 Dominus
464 1211 576 1243 scilicet.
599 1213 630 1239 de
655 1212 718 1239 creto
741 1213 851 1240 caelestis
863 1213 896 1241 3'.
924 1213 993 1242 Ecce

211 1258 283 1286 enim
303 1258 446 1293 utrobique
463 1259 581 1286 cmlcstis
603 1259 684 1285 homo
707 1258 870 1286 nominatur.
888 1258 992 1292 Quibus

211 1301 408 1337 respondemus
421 1311 428 1330 τ
444 1301 512 1330 Cum
528 1301 663 1334 Christus,
678 1302 725 1337 qui
739 1302 837 1338 duplex
853 1307 895 1330 est
913 1308 991 1331 natu-

212 1348 250 1376 ris
265 1348 333 1380 suis,
349 1349 447 1375 unicus
459 1352 548 1375 tamen
562 1348 597 1376 sit
609 1348 758 1383 hypostasi,
773 1356 834 1384 quae
850 1349 991 1385 utriusque

212 1400 277 1422 sunt
291 1399 396 1421 natura:
410 1394 461 1422 sibi
482 1394 590 1429 propria
613 1394 704 1421 ellicit.
721 1393 755 1421 Et
771 1394 852 1421 siculi
872 1395 990 1430 Aposto-

211 1441 254 1468 lus
269 1447 330 1468 cum
346 1440 414 1467 dixit
429 1440 462 1467 de
479 1440 512 1467 iis
530 1440 577 1475 qui
599 1434 737 1467 Christum
761 1440 938 1468 occiderunt:
960 1440 990 1468 Si

209 1486 405 1521 cognovissent,
421 1493 554 1521 nunquam
574 1485 715 1512 Dominum
731 1486 822 1521 gloria
843 1488 990 1523 cruciﬁxis-

209 1531 618 1568 sent”,nequaquamsigniﬁcat
632 1539 740 1566 passam
767 1539 828 1560 esse
840 1532 966 1561 deitatem
979 1554 988 1567 ,

209 1582 322 1613 quaeest
337 1578 468 1605 Dominus
485 1577 586 1611 gloriae,
602 1579 648 1604 sed
665 1585 722 1604 rem
737 1583 904 1613 assumptam
922 1588 929 1612 ;
949 1579 989 1607 sic

209 1623 238 1650 in
254 1623 329 1651 hisce
342 1623 422 1651 dictis
437 1623 526 1658 ipsum
544 1621 641 1649 Filium
653 1627 680 1649 et
694 1622 776 1650 Deum
799 1631 908 1658 passum
927 1631 988 1651 esse

208 1667 317 1702 dicitur,
331 1668 366 1695 ob
381 1675 463 1695 unam
479 1667 587 1695 deitatis
605 1667 772 1702 hypostasin,
788 1676 849 1703 quae
863 1669 988 1697 humana:

1045 1077 1113 1112 φοῖς
1132 1076 1319 1112 ὁμοιωθῆναι.
1335 1077 1389 1103 Καὶ
1403 1076 1489 1102 πολλὰ
1509 1076 1631 1104 τοιαῦτα.
1652 1077 1722 1103 Ἀλλ’
1742 1078 1756 1104 ὁ
1773 1078 1830 1104 Κύ-

1046 1133 1113 1161 ριος,
1131 1125 1222 1160 φασὶν,
1248 1125 1356 1160 εἴρηκεν
1381 1125 1410 1150 ὲν
1425 1125 1480 1155 τοῖς
1506 1123 1699 1157 Εὑαγγελίοις·
1720 1123 1829 1157 Οὐδεὶς

1044 1171 1227 1205 ἀναϐέϐηκεν
1238 1173 1281 1204 εἰς
1296 1170 1348 1197 τὸν
1362 1171 1500 1205 οὐρανὸν,
1518 1170 1544 1196 εὶ
1562 1169 1605 1203 μὴ
1620 1171 1636 1196 ὸ
1654 1170 1688 1196 ὲκ
1704 1169 1756 1196 τοῦ
1775 1170 1829 1196 οὐ-

1040 1217 1136 1250 ρανοῦ
1148 1216 1286 1249 καταϐὰς,
1305 1217 1322 1242 ὀ
1332 1216 1396 1248 Υἱὸς
1409 1215 1461 1242 τοῦ
1473 1214 1638 1250 ἀνθρώπου,
1653 1216 1670 1241 ὁ
1682 1214 1724 1241 ὢν
1738 1214 1773 1241 ὲν
1785 1214 1829 1247 τῷ

1044 1262 1160 1297 οὐρανῷ
1171 1271 1178 1278 ·
1196 1263 1243 1289 καὶ
1259 1263 1273 1289 ὁ
1298 1261 1456 1293 Ἀπόστολος
1473 1262 1552 1288 πάλιν
1565 1270 1573 1277 ·
1596 1262 1627 1288 '0
1643 1261 1758 1296 πρῶτος
1773 1261 1830 1288 ἇν-

1044 1311 1159 1344 θρωπος
1172 1308 1206 1335 ἐκ
1224 1308 1281 1343 γῆς
1299 1308 1403 1343 χοϊκός
1415 1317 1421 1323 ·
1441 1309 1458 1334 ὁ
1473 1308 1611 1341 δεύτερος
1627 1306 1790 1342 ἅνθρωπος,
1809 1308 1827 1334 ὁ

1043 1356 1155 1392 Κύριος,
1176 1355 1211 1388 ἐξ
1230 1355 1360 1389 οὐρανοῦ
1375 1353 1523 1389 οὐράνιος.
1552 1354 1617 1380 Ἰδοὺ
1634 1354 1688 1388 γὰρ
1704 1354 1827 1388 ἀμφεπέ-

1045 1402 1129 1437 ρωθεν
1154 1401 1278 1438 οὐράνιος
1312 1400 1453 1436 ἄνθρωπος
1484 1400 1654 1435 ὀνομάζεται.
1677 1399 1748 1434 Πρὸς
1761 1393 1828 1431 ὀὓς

1043 1448 1168 1484 ἐροῦμεν,
1179 1448 1220 1474 ὅτι
1232 1446 1408 1479 ὲπεὶδιπλοῦς
1420 1446 1457 1473 ὢν
1471 1447 1530 1478 ταῖς
1545 1446 1656 1481 φύσεσιν
1670 1447 1684 1473 ὁ
1695 1445 1825 1482 Χριστὸς,

1044 1493 1185 1529 μοναδικός
1200 1493 1259 1520 ὲστι
1275 1493 1324 1528 τὴν
1347 1491 1495 1519 ὑπόστασιν
1508 1510 1516 1524 ,
1535 1492 1698 1518 ἰδιοποιεῖται
1720 1491 1755 1518 τὰ
1773 1492 1827 1527 τῆς

1042 1539 1175 1575 ἑκατέρας
1193 1538 1309 1573 φύσεως.
1326 1538 1380 1565 Καὶ
1395 1537 1520 1573 καθάπερ
1534 1539 1548 1564 ὁ
1565 1537 1724 1568 ’Δπόστολος
1737 1537 1826 1564 εἰπὼν

1041 1586 1105 1621 περὶ
1120 1585 1173 1611 τῶν
1183 1585 1385 1622 Χριστοκτόνων
1399 1585 1450 1611 ὃτιυ
1461 1585 1495 1610 El
1504 1583 1650 1619 ἔγνωσαν,
1657 1584 1712 1610 οὐκ
1722 1582 1761 1610 ἂν·
1769 1585 1827 1610 τὸν

1040 1632 1148 1665 Κύριον
1158 1630 1213 1665 τῆς
1226 1630 1318 1664 δόξης
1327 1630 1532 1664 ἐσταύρωσαν,
1541 1630 1571 1656 οὐ
1582 1629 1630 1665 τὴν
1646 1629 1759 1665 Οεόῑητα
1772 1638 1826 1656 πε-

1041 1676 1166 1703 πονθέναι
1181 1676 1272 1711 φησὶν,
1288 1676 1348 1711 ἧτις
1365 1671 1422 1702 ἐστῖ
1434 1676 1534 1712 Κύριος
1543 1676 1592 1712 τῆς
1602 1676 1690 1711 δόξης,
1709 1675 1776 1702 ἀλλὰ
1791 1675 1824 1702 τὸ

208 1721 318 1750 quoque
333 1718 438 1741 natura:
457 1713 611 1748 hypostasis
633 1712 703 1740 facta
728 1718 788 1747 est;
805 1713 852 1741 sed
877 1721 989 1749 passum

1043 1707 1225 1758 πρόσλημμίαλ
1236 1707 1306 1748 οὕτω
1325 1722 1371 1749 καὶ
1390 1722 1435 1748 ἐπὶ
1449 1707 1503 1748 των
1516 1707 1605 1758 parii»;
1622 1707 1724 1748 τοὺτων
1740 1721 1822 1753 αὐτὸς

208 1760 359 1788 seCundum
372 1759 519 1786 humanam
536 1767 612 1787 suam
630 1763 767 1792 naturam,
781 1765 862 1795 atque
874 1768 906 1787 ex
920 1761 989 1788 cmlo

208 1806 318 1841 quidem
333 1805 515 1838 descendisse,
537 1810 564 1833 et
581 1805 758 1833 nihilominus
782 1805 810 1832 in
827 1807 897 1834 creto
917 1814 988 1840 esse,

209 1852 358 1880 secundum
372 1851 530 1887 hypostasin
547 1851 665 1883 deitatis,
682 1850 781 1879 Filium
795 1856 884 1879 autem
901 1852 990 1880 homi-

211 1899 256 1926 nis
268 1905 329 1926 esse
343 1897 491 1926 secundum
508 1901 634 1924 naturam
651 1902 788 1932 postremo
809 1903 988 1933 assumptum,

210 1949 272 1980 post
283 1945 444 1972 descensum
460 1951 493 1971 ex
514 1944 593 1971 caelo.
608 1943 647 1971 Ac
665 1951 794 1971 rursum:
812 1944 882 1972 idem
900 1944 990 1971 Domi-

207 1998 261 2018 nus
287 1996 396 2025 propter
419 1997 501 2016 unam
525 1989 693 2024 hypostasin,
717 1989 852 2018 secundus
879 1990 988 2025 quidem

209 2037 291 2063 homo
315 2036 465 2063 secundum
490 2036 595 2062 unitam
618 2035 833 2062 humanitatem:
859 2043 891 2063 ex
919 2035 988 2063 caelo

208 2086 311 2115 autem,
333 2081 482 2109 secundum
504 2080 683 2107 divinitatem.
708 2079 767 2107 Nisi
790 2081 863 2108 enim
892 2088 987 2108 unam-

207 2134 342 2162 quamque
372 2126 480 2161 proprie
506 2125 728 2159 intcllexerimus,
755 2126 782 2153 in
810 2126 987 2161 repugnantia

207 2172 367 2207 Apostolutu
384 2171 574 2206 conjiciemus.
590 2170 731 2204 Quomodo
744 2173 817 2198 enim
833 2179 880 2206 per
895 2172 987 2198 omnia

207 2217 306 2244 similis
320 2216 398 2244 nobis
419 2215 556 2243 terrenis?
572 2214 715 2248 Quomodo
729 2216 808 2243 etiam
832 2216 915 2243 frater
936 2223 987 2243 no-

205 2267 271 2295 sier,
287 2262 333 2297 qui
359 2269 443 2289 carne
465 2262 568 2289 caelesti
595 2261 706 2290 indutus
729 2262 787 2289 sit?
804 2260 837 2288 Et
861 2266 986 2289 sexcenta

204 2307 257 2334 alia
273 2306 393 2335 absurda
406 2307 470 2335 hinc
486 2311 696 2342 consequentur.

1041 1769 1090 1802 μὲν
1114 1769 1129 1794 ὸ
1147 1768 1210 1800 Υἱὸς
1233 1768 1280 1795 καὶ
1303 1767 1369 1799 Θεὸς
1392 1767 1552 1794 πεπονθέναι
1571 1768 1688 1802 λέγεται,
1704 1767 1748 1794 διὰ
1771 1767 1821 1803 τὴν

1040 1815 1104 1850 μίαν
1121 1814 1268 1840 ὑπόστασιν
1293 1814 1342 1849 τῆς
1366 1813 1502 1850 θεότητος,
1520 1814 1581 1849 ἥτις
1604 1814 1651 1840 καὶ
1666 1815 1698 1849 τῇ
1716 1813 1822 1849 ἀνθρω-

1041 1860 1107 1896 πίνῃ
1121 1859 1199 1895 φύσει
1212 1859 1322 1894 γέγονεν
1345 1859 1491 1892 ὑπόστασις
1502 1869 1509 1875 ·
1530 1860 1690 1887 πεπονθέναι
1705 1861 1733 1887 δὲ
1749 1861 1821 1887 κατὰ

1038 1905 1087 1941 τὴν
1105 1905 1279 1941 ἀνθρωπίνην
1295 1905 1376 1940 φύσιν
1398 1906 1491 1938 αὑτοῦ,
1515 1906 1562 1932 καλ¹
1584 1907 1616 1933 ὲκ
1636 1907 1683 1933 τοῦ
1703 1907 1819 1942 οὐρα.νοῦ

1040 1951 1089 1987 μὲν
1105 1951 1330 1986 καταϐεὸηκέναι,
1347 1951 1394 1978 καὶ
1408 1952 1437 1978 ὲν
1456 1951 1495 1987 τῷ
1517 1951 1624 1987 οὐρανῷ
1645 1950 1723 1984 εἶναι,
1749 1953 1820 1979 κατὰ

1038 1998 1086 2032 τὴν
1108 1997 1255 2023 ὑπόστασιν
1274 1997 1321 2032 τῆς
1338 1996 1462 2031 θεότητος
1473 2005 1480 2012 ·
1501 1997 1564 2024 Υἱὸν
1578 1997 1606 2024 δὲ
1622 1998 1764 2033 ἀνθρώπου
1779 1996 1819 2024 εἷ-

1038 2052 1080 2070 ναι
1102 2043 1172 2070 κατὰ
1194 2043 1244 2079 τὴν
1260 2042 1373 2078 ὕστερον
1394 2043 1610 2079 προσληφθεῖσαν
1639 2044 1728 2078 φύσιν,
1750 2043 1821 2079 μετὰ

1038 2088 1086 2124 τὴν
1100 2088 1130 2120 ἐξ
1143 2087 1255 2123 οὐρανοῦ
1273 2087 1394 2115 κάθοδον.
1411 2089 1465 2114 Καὶ
1482 2088 1562 2116 πάλιν
1582 2090 1596 2115 ὁ
1614 2089 1695 2121 αὑτὸς
1716 2089 1820 2124 Κύριος

1036 2133 1081 2159 διὰ
1096 2132 1145 2168 τὴν
1170 2133 1233 2167 μίαν
1258 2132 1405 2159 ὑπόστασιν
1422 2140 1429 2147 ”
1453 2131 1578 2168 δεύτερος
1605 2133 1654 2167 μὲν
1675 2131 1819 2168 ἄνθρωπος

1037 2178 1107 2205 κατὰ
1123 2179 1172 2214 τὴν
1189 2178 1330 2214 ἡνωμένην
1360 2177 1568 2214 ἁνθρωπότητα,
1595 2179 1624 2212 ἐξ
1643 2179 1758 2215 οὐρανοῦ
1789 2179 1819 2205 δὲ

1037 2222 1108 2249 κατὰ
1122 2222 1171 2258 τὴν
1194 2221 1324 2257 Θεότητᾶν
1348 2223 1373 2248 ει
1399 2222 1454 2259 γὰρ
1480 2223 1516 2258 μὴ
1536 2225 1674 2260 νοήσωμεν
1699 2224 1818 2259 ἑκάστην

1036 2269 1154 2301 οἰκείως,
1175 2267 1384 2302 ἐναντιολογῐαις
1409 2269 1598 2303 ὑποσαλοῦμεν
1617 2269 1662 2295 τὸν
1689 2269 1818 2296 Ἀπόστο-

1035 2315 1090 2341 λον.
1108 2314 1170 2345 Πῶς
1195 2313 1249 2350 γὰρ
1268 2314 1339 2341 κατὰ
1366 2314 1454 2341 πάντα
1478 2314 1569 2350 ὅμοιος
1585 2315 1650 2350 ἡμῖν
1673 2316 1729 2346 τοῖς
1753 2315 1816 2350 γητ-

1036 2369 1091 2392 νοις
1104 2369 1111 2392 ;
1133 2359 1196 2391 Πῶς
1209 2359 1237 2386 δὲ
1252 2359 1364 2394 ἀδελφὸς
1378 2360 1467 2396 ἡμῶν,
1489 2361 1503 2386 ό
1523 2360 1612 2396 σάρκα
1627 2361 1755 2397 οὐρανίαν
1769 2369 1817 2387 πε-

1038 2407 1246 2443 ριϐεϐλημένοςς
1264 2408 1318 2434 Καὶ
1334 2407 1401 2435 ἄλλα
1416 2408 1445 2435 δὲ
1459 2408 1544 2444 μυρία
1558 2409 1647 2436 ἄτοπα
1658 2409 1762 2444 ἕψεται.

203 2477 246 2506 Ea;
261 2478 399 2514 Euthymii
418 2478 536 2505 monachi
555 2476 698 2515 Zygabeni,
715 2476 876 2515 Orthgdoxaz
887 2475 949 2515 ﬁdei
963 2475 1113 2515 dogmaticg
1128 2475 1263 2515 panoplia,
1274 2482 1287 2501 ε
1298 2473 1389 2515 Eryce
1405 2475 1536 2502 translata
1548 2483 1594 2510 per
1606 2475 1715 2502 Petrum
1728 2474 1818 2502 Fran-

654 2514 752 2538 ciscum
773 2510 869 2537 linum

238 2583 329 2619 Magni
347 2582 498 2613 Athanasii,
524 2581 648 2608 adversus
674 2581 735 2608 illos
750 2601 757 2613 ,
781 2581 827 2616 qui
851 2580 986 2608 Christum

203 2638 283 2656 uuam
301 2637 356 2656 esse
371 2629 462 2655 dicunt
482 2633 605 2655 naturam
619 2629 804 2662 compositam.
817 2626 890 2653 Licet
916 2627 986 2654 enim

204 2682 290 2709 postea
319 2678 351 2704 ab
379 2676 494 2711 Eutyche
518 2680 542 2702 et
567 2675 691 2702 Dioscoro
715 2674 903 2709 monophysitis
929 2674 984 2701 lucc

204 2724 308 2751 heresis
320 2723 399 2757 fuerit
419 2726 572 2757 prorogata,
586 2721 691 2755 fuerunt
713 2725 801 2746 tamen
823 2724 901 2746 antea
925 2719 985 2754 qui-

204 2770 274 2801 dam,
297 2769 341 2803 qui
357 2767 467 2803 nefaria
487 2767 564 2794 istius
591 2766 721 2801 opinionis
744 2766 846 2793 semina
868 2764 984 2800 projece-

900 2509 1067 2537 ’eronensem.
1089 2509 1202 2536 Parisiis
1213 2518 1281 2536 anno
1296 2510 1376 2537 i556.

1034 2586 1106 2608 runt.
1122 2580 1237 2609 Sanctus
1257 2587 1345 2609 autem
1361 2583 1494 2609 Maximus
1515 2590 1574 2609 eam
1596 2583 1661 2609 dicit
1675 2582 1815 2617 Apollina-

1034 2629 1104 2654 rium
1119 2627 1316 2655 disseminatse.

1068 2673 1137 2706 Quid
1163 2677 1353 2709 argumentum
1385 2673 1462 2707 illud,
1476 2681 1531 2709 quo
1547 2673 1630 2700 veluti
1646 2673 1731 2701 ariete
1752 2673 1813 2701 ani—

1034 2727 1093 2746 mas
1110 2720 1357 2754 petunt?parteut,
1384 2719 1520 2754 inquiunt,
1547 2720 1672 2747 essentia:
1696 2720 1813 2754 propriae

1032 2763 1104 2792 Deus
1118 2763 1183 2791 fecit
1195 2771 1304 2792 carnem
1328 2770 1507 2800 assumptam.
1532 2764 1568 2792 Ut
1591 2773 1624 2793 eo
1649 2769 1728 2800 pacto
1756 2772 1811 2792 una

233 2844 256 2860 τι
272 2843 350 2872 Hebr.
370 2854 399 2873 ιι.
414 2846 454 2874 ιι.
472 2846 514 2873 1-2.
553 2847 574 2863 τε
589 2847 654 2874 ibid.
675 2847 717 2874 ιι.
755 2831 778 2863 ἑο
791 2846 856 2874 ibid.
876 2843 919 2875 ιδ,
933 2843 977 2871 t7.

1057 2842 1134 2871 Joan.
1154 2851 1195 2876 tu,
1212 2842 1254 2870 15.
1291 2841 1336 2869 ⁸³1
1353 2841 1416 2871 Cor.
1436 2850 1479 2874 xv,
1496 2837 1599 2868 47.“”³³
1616 2841 1626 2869 ι
1647 2839 1709 2868 Cor.
1729 2837 1760 2872 tl,
1777 2837 1804 2866 8.
