1939 3041
108 141 178 170 1225

740 137 953 166 FRAGMENTA
971 135 1088 165 VARIA.

1657 135 1725 163 1226

108 208 254 236 utrumque
280 201 398 228 essentia
422 199 608 235 intelligatur,
638 207 700 234 qua;
730 199 890 234 impatibilis
904 202 928 229 Α
941 198 986 225 bet
1002 204 1063 233 quae
1076 196 1211 231 patiatur?
1223 195 1293 229 Quid
1308 194 1360 222 ista
1379 194 1516 230 impietate
1531 195 1618 232 magis
1645 197 1725 224 neta—

109 247 154 278 sit,
171 249 304 280 quatenus
326 245 444 273 Verbum
460 249 517 278 est;
533 245 653 280 patiatur
665 248 756 271 autem
785 248 890 279 partem

110 292 209 324 carnis,
222 299 283 327 quae
295 299 356 319 cum
371 291 459 319 Verbo
477 291 510 318 ad
527 299 608 318 unam
631 291 780 319 essentiam
799 290 891 318 absol-

111 337 224 365 vendam
248 336 397 364 concurrit.
427 335 485 364 lloc
505 342 595 364 autem
615 336 765 364 absurdum
784 343 845 364 esse
866 341 893 364 et

111 384 227 411 maxime
238 383 446 415 exsecrandum,
459 382 539 410 facile
551 383 641 418 quivis
655 382 796 417 intelligat.
812 382 891 416 Pars,

111 428 248 463 inquiunt,
264 427 362 454 divina:
382 427 507 454 essentia:
523 435 598 460 caro,
614 431 641 454 et
658 427 732 461 quod
750 427 837 462 magis
853 428 892 454 ri-

110 475 226 502 dendum
242 477 292 504 est,
309 473 478 508 parstillius,
503 474 550 508 qui
575 473 664 500 nullas
683 473 763 500 habet
789 477 891 508 partes.

110 520 296 555 Compositam
310 519 426 552 faciunt,
443 527 503 555 qua:
518 520 632 554 simplex
650 524 700 548 est.
718 519 785 547 Nam
803 520 826 547 si
852 521 893 548 liae

110 571 211 593 mutua:
228 567 297 592 inter
318 573 348 592 se
373 570 464 600 partes
484 566 518 592 ad
544 574 629 592 unum
649 566 758 600 aliquod
776 574 893 594 concur-

110 616 197 644 runt,
228 612 410 645 compositum
431 611 569 639 diversum
594 613 757 644 ostenditur,
778 612 851 647 quod
879 620 895 640 ο

112 658 233 692 partibus
262 661 369 685 constat
400 657 598 685 dili'crentibus.
622 657 756 685 Praeterea
780 658 895 692 suscipit

111 703 308 730 incrementum
325 710 358 729 ex
377 710 459 729 carne
471 703 574 735 addita,
596 711 657 738 qua:
679 704 776 730 nonin
796 709 895 731 natura

111 748 222 783 propria
245 753 392 782 spectatur,
410 748 458 776 sed
483 756 546 783 pars
569 753 610 776 est
635 750 759 777 essentia:
784 757 894 777 carnem

112 794 199 828 ipsam
215 793 382 828 accipientis.
395 794 466 826 Quin
478 795 560 821 etiam
576 803 608 822 ex
623 795 666 823 his
682 796 795 823 mutatio
811 800 894 830 patet,

112 847 174 866 cum
192 839 312 867 Verbum
338 840 455 874 amplius
466 840 615 867 secundum
643 844 771 867 aeternam
798 849 894 868 esseti-

113 885 177 911 tiam
202 893 256 912 non
271 890 390 919 maneat,
406 886 452 913 sed
469 886 543 912 aliud
561 885 691 920 quiddam
717 890 826 921 propter
843 894 894 913 au-
911 883 932 910 Β

113 936 253 966 gmentum
273 939 334 959 esse
362 933 510 966 contingat.
528 931 614 959 Deum
631 936 757 959 naturam
780 932 900 959 mutabi‘

113 977 176 1009 lem,
201 977 341 1004 mutabilis
363 981 468 1004 natura:
485 981 589 1012 partem
605 977 760 1011 constituis,
776 982 803 1005 et
818 985 899 1004 unam

114 1023 195 1050 istam
209 1030 242 1050 ex
259 1026 375 1057 utraque
403 1031 500 1050 novam
528 1024 754 1058 compositionem
770 1028 796 1050 ct
810 1028 900 1050 mula-

114 1067 217 1096 tionem
234 1069 365 1102 ostendis,
382 1069 449 1097 adeo
467 1073 497 1096 ut
512 1078 609 1105 magna
633 1070 776 1097 diﬂicultas
793 1070 821 1097 in
842 1069 901 1097 aui-

115 1122 161 1142 mo
178 1115 329 1149 oboriatur,
349 1123 410 1143 cum
428 1123 478 1144 nec
494 1116 559 1150 quid
585 1116 648 1143 inde
668 1122 799 1150 sequatur
816 1118 900 1144 videri

116 1165 208 1196 queat,
224 1170 312 1196 neque
325 1163 364 1190 rei
383 1163 528 1197 propositae
541 1170 639 1190 nomen
663 1164 822 1198 reperiatur.
840 1163 900 1196 Quo

115 1208 188 1235 enim
205 1209 315 1236 nomine
333 1217 414 1236 unam
440 1217 474 1236 ex
494 1210 618 1243 utrisque
635 1210 781 1236 essentiam
807 1209 900 1244 appel-

116 1255 222 1282 lemus?
237 1255 356 1283 Verbum
383 1256 514 1283 tantum?
539 1257 574 1282 At
600 1255 690 1283 carnis
715 1263 778 1290 pars
804 1257 830 1283 id
848 1264 902 1283 non

117 1301 259 1336 permittit.
286 1303 403 1330 Carnem
422 1303 632 1330 tantummodo?
655 1303 690 1329 At
709 1303 735 1329 id
759 1302 838 1330 Verbi
855 1310 903 1329 na-

118 1353 179 1376 tura
204 1356 258 1376 non
279 1350 412 1376 concedit.
437 1349 636 1376 Christumne?
666 1349 880 1383 Dispensationis
895 1369 902 1380 ,

118 1402 172 1421 non
188 1399 277 1422 autem
295 1395 429 1427 essentia,
446 1395 519 1423 istud
534 1400 576 1423 est
591 1403 700 1422 nomen.
716 1394 786 1421 Proh
804 1395 902 1429 impio-

118 1447 180 1466 rum
196 1439 337 1467 hominum
365 1441 500 1468 insaniam
519 1460 526 1473 ,
544 1442 589 1476 qui
616 1441 681 1467 dum
706 1441 902 1467 immutabilem

119 1485 221 1513 audent
240 1486 386 1513 essentiam
413 1491 540 1519 tractare,
556 1486 666 1521 proprio
687 1487 769 1513 etiam
795 1486 905 1513 nomine

120 1531 211 1566 ipsum
233 1532 377 1567 spoliarint
392 1533 398 1559 !
417 1532 471 1560 Ista
494 1533 566 1560 enim
584 1533 689 1559 ratione
705 1532 774 1560 Filio
789 1540 822 1559 ne
837 1532 903 1560 illud

119 1577 230 1612 quidem
250 1578 415 1610 servabitur,
432 1582 462 1604 ut
475 1577 596 1612 ejusdem
613 1585 676 1605 cum
691 1577 772 1604 Patre
794 1578 830 1604 sit
855 1585 903 1605 es-

120 1624 224 1651 sentiae.
240 1622 292 1655 Qui
317 1623 389 1650 enim
413 1624 538 1650 essentiae
563 1623 680 1658 propriae
709 1623 904 1656 accessionem,

121 1673 150 1696 et
172 1669 351 1696 mutationem
368 1677 400 1695 ex
421 1669 533 1696 alterius
558 1669 676 1696 admittit
693 1669 865 1701 admistione,
883 1669 906 1696 is

121 1723 186 1742 cum
215 1715 262 1741 illo
295 1715 342 1750 qui
370 1714 397 1742 in
416 1715 510 1742 eadem
527 1719 620 1742 manet
645 1715 773 1746 essentia,
795 1722 849 1741 non
863 1718 904 1742 est

121 1760 246 1795 ejusdem
260 1760 396 1788 essentne.
410 1760 490 1789 Pater
500 1761 572 1788 enim
592 1766 689 1795 prater
705 1760 822 1795 gloriam
844 1767 908 1794 pro-

123 1808 212 1842 priam
239 1807 266 1834 in
291 1812 389 1834 natura
414 1807 481 1834 nihil
500 1807 631 1842 possidet.
654 1806 739 1834 Filius
766 1811 857 1833 autem
877 1806 906 1833 in

124 1858 221 1880 natura
236 1861 347 1880 carnem
363 1853 495 1888 adjungit,
514 1857 544 1880 ut
558 1853 648 1880 carnis
662 1857 689 1880 et
707 1852 788 1880 Verbi
803 1861 858 1881 una
874 1853 909 1880 sit

124 1898 255 1932 essentia,
276 1898 392 1925 multum
409 1898 503 1925 abesse
519 1897 732 1932 deprehenditur
755 1898 789 1925 ab
803 1905 846 1931 eo,
862 1898 909 1932 qui

124 1943 228 1971 nuliam
240 1943 423 1971 accessionem
434 1944 466 1971 ad
480 1944 605 1971 essentiaa
619 1944 736 1979 proprim
751 1944 905 1972 incremen-

127 1993 183 2016 tum
199 1993 246 2016 aut
259 1989 437 2017 mutationem
449 1990 594 2024 acceperit.
614 1989 731 2017 Necesse
756 1989 838 2024 igitur
855 1994 907 2021 est,

126 2039 155 2062 ut
171 2043 254 2062 unam
280 2037 427 2063 essentiam
455 2035 537 2063 Verbi
561 2040 588 2063 et
616 2036 718 2069 carnis,
738 2044 791 2063 non
808 2035 906 2063 confu-

126 2088 184 2108 sam
209 2088 342 2116 agnoscas
357 2101 365 2114 ,
392 2085 440 2108 aut
463 2082 490 2108 in
518 2089 614 2108 eorum
636 2082 684 2117 qui
701 2081 797 2108 Arium
824 2082 911 2108 secuti

126 2132 201 2159 sunt,
217 2135 338 2154 errorem
354 2128 460 2156 incidas
473 2149 481 2161 ,
500 2131 527 2155 et
549 2128 658 2155 illorum
679 2129 804 2155 essentiae
821 2128 910 2155 diver-

129 2173 236 2200 sitatem
254 2174 423 2206 introducas,
443 2177 469 2200 et
483 2174 569 2202 sacris
598 2173 706 2202 Domini
734 2173 846 2202 vocibus
865 2174 912 2200 ad;

943 243 1036 271 rium?
1063 242 1151 270 Unam
1173 242 1321 270 essentiam
1336 241 1437 273 dicere,
1452 246 1479 269 et
1495 242 1563 269 hanc
1579 242 1608 269 in
1634 247 1726 277 partes

945 298 1037 319 secare
1052 291 1143 318 varias
1166 294 1193 317 et
1213 289 1385 321 diderentes,
1407 293 1433 316 et
1451 296 1532 316 voces
1555 289 1646 316 dicere
1660 296 1727 316 eon-

945 338 1122 368 tumeliosas,
1140 343 1201 371 quae
1227 336 1264 362 rei
1285 335 1432 370 proposita:
1452 335 1653 363 accommodari
1677 343 1726 362 ne-

945 387 1056 418 queant,
1064 382 1115 410 nisi
1123 381 1246 417 perl‘ecta:
1255 387 1358 408 naturae
1369 389 1433 416 pars
1442 381 1572 416 patibilis,
1581 385 1608 409 et
1615 389 1678 416 pars
1692 382 1728 410 sit

947 428 1119 463 impatibilis;
1136 432 1163 455 et
1177 434 1240 462 pars
1254 427 1385 462 patiatur,
1396 435 1459 461 pars
1481 431 1572 454 autem
1596 435 1651 454 non
1681 434 1728 461 pa-

946 475 1046 507 tiatur;
1066 478 1093 502 et
1107 481 1170 508 pars
1195 473 1277 504 vivat,
1293 477 1319 500 ct
1335 481 1399 508 pars
1418 473 1544 502 intereat.
1557 473 1642 509 Magis
1666 479 1730 508 pro-

947 521 1018 549 fecto
1042 521 1225 549 miserandum
1256 521 1367 552 animal,
1386 520 1465 555 cujus
1489 520 1589 547 mortui
1616 520 1725 548 dolores

947 575 1011 603 pars
1021 574 1102 594 sensu
1120 566 1263 601 percipiat.
1283 565 1425 600 Siquidem
1441 565 1524 592 unius
1540 566 1667 593 essentia:
1690 568 1730 593 sit

947 613 1029 641 simul
1044 618 1070 640 et
1085 613 1194 640 interire
1207 617 1234 639 et
1255 612 1355 639 vivere.
1370 611 1423 639 Sed
1442 612 1581 646 rejiciatur
1598 611 1656 639 haec
1670 612 1730 638 ina-

948 661 991 687 nis
1003 659 1136 687 doctrina.
1152 658 1207 686 Nec
1223 663 1325 694 partem
1341 663 1444 685 natum
1462 658 1604 692 simplicis,
1628 663 1655 685 et
1671 666 1732 693 qua:

948 705 1031 732 dividi
1047 712 1099 731 non
1112 708 1213 739 potest,
1234 703 1400 738 accepimus.
1422 703 1477 730 Nec
1493 703 1564 737 quod
1580 707 1622 731 est
1644 704 1730 738 impa-

950 749 1036 783 tibile,
1054 755 1131 784 parte
1145 749 1254 783 quidem
1271 748 1337 783 pati,
1355 753 1429 783 parte
1446 753 1534 776 autem
1551 756 1605 776 non
1622 749 1677 783 pati
1691 749 1734 775 di-
1763 769 1767 773 .

949 796 1075 823 dicimus.
1098 795 1191 830 Neque
1207 795 1288 822 unius
1306 801 1408 822 naturae
1423 794 1609 822 deﬁnitionem
1624 795 1650 821 in
1662 794 1732 821 dua-

950 842 1001 876 bus
1015 841 1199 876 agnoscimus,
1216 849 1305 876 neque
1317 841 1443 874 diversa,
1459 841 1511 868 etsi
1529 848 1628 868 nomen
1647 840 1735 867 admi-

951 889 1047 915 simus.
1069 887 1135 920 Qua:
1156 887 1265 922 quidem
1292 887 1384 914 omnia
1407 887 1575 914 constituere
1587 886 1734 922 deprehen-

949 935 1062 966 duntur,
1075 932 1254 968 quiVerbum
1279 938 1306 961 et
1332 941 1442 961 carnem
1473 933 1501 960 in
1529 939 1611 959 unam
1640 939 1735 959 essen-

950 980 1015 1006 tiam
1044 979 1205 1007 convenisse
1231 978 1334 1006 dicunt.
1364 977 1506 1011 Quomodo
1525 978 1607 1013 igitur
1628 981 1655 1005 et
1670 985 1735 1005 caro

952 1029 1059 1059 sumpta
1073 1029 1126 1058 est,
1146 1028 1173 1051 et
1188 1024 1234 1059 qui
1249 1024 1322 1050 illam
1337 1024 1453 1058 sumpsit
1477 1030 1532 1050 non
1548 1028 1589 1050 est
1604 1023 1734 1050 immuta-

952 1070 1014 1097 tus?
1034 1075 1060 1097 et
1074 1070 1195 1104 quicum
1208 1070 1253 1096 illa
1269 1068 1433 1103 conjunctus
1443 1072 1494 1101 est,
1508 1074 1599 1096 servat
1611 1069 1734 1096 eamdem

954 1117 1100 1144 essentiam
1115 1123 1178 1143 cum
1195 1115 1276 1142 Patre
1292 1115 1364 1142 suo?
1379 1114 1521 1147 Quomodo
1537 1121 1571 1141 ex
1586 1114 1678 1141 carnis
1689 1121 1736 1141 as-

953 1161 1118 1196 sumptione,
1133 1166 1159 1188 et
1183 1169 1217 1188 ex
1237 1161 1270 1188 iis
1290 1168 1351 1195 qua:
1365 1168 1413 1195 per
1427 1160 1525 1194 ipsam,
1542 1160 1677 1196 sapienter
1689 1168 1736 1188 su-

953 1218 1002 1245 pra
1027 1217 1108 1245 quam
1133 1209 1186 1237 dici
1206 1212 1304 1244 potest,
1321 1212 1396 1243 gesta
1412 1212 1485 1240 sunt,
1514 1215 1569 1235 non
1592 1208 1626 1235 ad
1652 1208 1738 1235 incre-

954 1259 1085 1287 mentum,
1102 1259 1148 1281 aut
1163 1253 1489 1282 mutationem'essentia:
1513 1253 1630 1288 propria:
1642 1261 1738 1288 perve-

954 1304 1003 1334 nit,
1024 1302 1071 1329 sed
1086 1301 1118 1328 ad
1135 1301 1411 1328 communicationem
1427 1300 1561 1328 naturalis
1586 1300 1737 1334 dignitatis,

955 1356 1037 1382 quam
1052 1355 1160 1374 arcana:
1182 1347 1385 1382 conjunctionis
1407 1346 1493 1381 gratia
1511 1345 1739 1380 perfecit?Aliud

954 1395 1027 1421 enim
1044 1398 1086 1420 est
1097 1393 1196 1426 dicere,
1216 1394 1285 1420 duas
1310 1397 1422 1420 naturas
1442 1391 1575 1426 perfectas
1599 1392 1627 1419 in
1656 1400 1738 1419 unam

956 1447 1099 1474 personam
1116 1439 1287 1471 convenisse,
1304 1443 1331 1466 et
1342 1439 1416 1465 aliud
1437 1446 1469 1465 ex
1486 1438 1592 1466 duabus
1617 1439 1740 1472 partibus

957 1493 1039 1512 unam
1054 1485 1200 1512 essentiam
1221 1493 1282 1513 esse
1297 1484 1451 1512 conﬂatam.
1470 1483 1538 1511 Nam
1552 1484 1651 1511 divinae
1677 1484 1742 1518 qui-

957 1531 1018 1558 dem
1044 1531 1169 1558 essentia:
1185 1531 1255 1558 ratio
1280 1530 1393 1564 simplex
1418 1535 1469 1563 est,
1496 1530 1622 1557 humana:
1649 1534 1742 1558 autem

959 1577 1171 1611 dispensationis
1192 1576 1354 1604 miraculum
1371 1576 1480 1610 duplex.
1506 1576 1597 1609 Quare
1626 1584 1677 1604 nec
1701 1584 1743 1604 es-

960 1623 1054 1651 sentia:
1071 1623 1231 1658 simplicitas
1248 1623 1275 1650 in
1291 1623 1381 1650 varias
1397 1628 1487 1657 partes
1503 1627 1612 1650 secatur
1624 1643 1631 1656 ,
1654 1630 1743 1658 neque

960 1670 1059 1704 duplex
1074 1669 1285 1704 dispensationis
1306 1670 1377 1696 ratio
1393 1669 1420 1696 in
1440 1677 1523 1696 unam
1545 1669 1679 1696 conﬂatur
1700 1676 1744 1696 es-

962 1716 1088 1744 sentiam.
1106 1715 1158 1748 Qui
1177 1716 1249 1742 euim
1274 1715 1330 1742 licri
1357 1719 1455 1749 potest,
1472 1715 1587 1749 utquod
1611 1709 1744 1742 aeternum

961 1767 1012 1795 est,
1028 1767 1055 1789 et
1071 1762 1142 1796 quod
1157 1766 1199 1789 est
1213 1769 1321 1794 recens,
1337 1761 1364 1788 in
1388 1768 1442 1787 una
1467 1760 1675 1787 eonsiderentur
1698 1767 1746 1787 na-

963 1807 1126 1835 tura?Num
1145 1811 1172 1834 et
1188 1807 1298 1842 sanguis
1325 1811 1350 1833 et
1379 1814 1449 1840 aqua
1473 1806 1522 1832 fuit
1538 1805 1688 1833 divinitatis
1701 1813 1746 1832 es-

963 1854 1060 1884 sentia,
1076 1861 1136 1888 qum
1155 1852 1238 1880 fontis
1260 1853 1346 1879 instar
1355 1852 1466 1879 deﬂuxit
1483 1859 1498 1878 e
1513 1852 1617 1879 latere?
1629 1851 1657 1878 Si
1671 1851 1745 1886 ejus-

963 1900 1023 1927 dem
1043 1905 1122 1927 estet
1139 1900 1194 1934 pati
1217 1903 1244 1926 et
1267 1907 1323 1926 non
1350 1898 1416 1933 pati,
1429 1905 1540 1926 necesse
1553 1901 1595 1925 est
1607 1902 1634 1925 et
1651 1898 1747 1924 volun-

964 1951 1033 1974 tates
1045 1954 1106 1974 esse
1115 1947 1254 1978 diversas,
1283 1951 1310 1972 et
1333 1953 1387 1972 non
1405 1945 1514 1972 easdem
1539 1945 1669 1972 actiones.
1686 1945 1747 1972 Alia

964 1993 1035 2019 enim
1051 1992 1178 2019 convenit
1191 1991 1285 2018 formae
1298 1991 1356 2024 Dei,
1369 1996 1396 2018 ct
1412 1991 1464 2018 alia
1477 1990 1570 2018 formae
1583 1991 1670 2018 servi:
1693 1991 1747 2018 alia

965 2038 1076 2072 templo,
1088 2043 1114 2065 et
1125 2038 1176 2064 alia
1191 2038 1356 2064 inhabitanti
1372 2038 1436 2064 Deo.
1450 2037 1610 2071 Perpetuam
1623 2037 1705 2072 igitur
1718 2037 1747 2065 in

965 2092 1049 2111 unam
1065 2084 1211 2110 essentiam
1230 2084 1406 2111 introducunt
1422 2084 1594 2116 seditionem,
1611 2084 1690 2118 cujus
1703 2091 1748 2112 es-

966 2130 1059 2156 sentia“.
1074 2137 1137 2164 pars
1154 2137 1237 2156 unum
1261 2131 1328 2161 vult,
1345 2137 1408 2164 pars
1430 2130 1514 2157 aliud.
1535 2129 1563 2157 Si
1578 2138 1632 2156 una
1652 2137 1748 2157 essen-

967 2175 1014 2207 tia,
1028 2182 1077 2202 eur
1092 2175 1178 2202 dicit:
1196 2174 1257 2201 Non
1272 2176 1340 2210 quod
1360 2183 1406 2210 ego
1429 2175 1496 2208 volo,
1513 2176 1558 2202 sed
1573 2176 1642 2210 quod
1657 2180 1684 2201 tu
1701 2176 1724 2191 ⁸⁸*
1736 2177 1749 2201 '!

127 2218 257 2251 verseris,
272 2223 299 2246 et
325 2227 423 2254 magno
450 2227 512 2246 cum
535 2219 656 2254 periculo
678 2227 792 2254 respuas
816 2220 883 2246 illud
904 2228 910 2245 :
930 2236 952 2264 Β
967 2221 1108 2253 Quomodo
1127 2221 1221 2248 eadem
1237 2225 1279 2248 est
1295 2229 1356 2255 qure
1379 2221 1444 2248 fecit
1467 2226 1493 2248 et
1508 2229 1568 2256 qua:
1591 2221 1662 2249 facta
1685 2222 1749 2248 est?

131 2264 187 2299 Ego
199 2269 223 2291 et
240 2265 329 2297 Pater,
342 2273 423 2291 unum
438 2273 529 2292 sumus
542 2266 575 2292 ".
591 2264 633 2298 Et,
646 2265 697 2298 Qui
710 2266 775 2292 vidit
790 2273 840 2298 me,
857 2264 913 2291 Pa-

130 2316 198 2339 trem
214 2310 279 2337 vidi!
298 2311 331 2337 ⁸⁸.
357 2311 498 2344 Quomodo
510 2319 604 2344 unum,
623 2312 667 2338 ubi
699 2316 773 2339 tanta
790 2311 916 2339 dideren-

130 2357 169 2384 tia
193 2357 345 2392 reperitur?
373 2356 408 2384 Ut
436 2365 509 2385 ttnus
533 2357 641 2392 quidem
666 2357 699 2384 ad
729 2359 810 2384 linem
829 2364 916 2392 usque

132 2404 273 2435 manserit,
292 2403 380 2438 qualis
395 2402 429 2430 ab
444 2403 518 2429 omni
532 2403 684 2430 aeternitate
705 2403 828 2431 creditur
845 2403 915 2431 fuis-

133 2458 163 2478 se
179 2459 186 2477 :
203 2449 271 2477 alter
288 2453 378 2476 autem
394 2448 486 2476 carnis
501 2449 700 2483 compositione
717 2450 854 2484 propriam
870 2457 914 2477 es-

133 2497 247 2525 sentiam
262 2496 412 2528 miscuerit,
427 2499 474 2522 aut
492 2496 608 2527 auxerit,
631 2500 677 2522 aut
700 2503 747 2530 per
774 2496 914 2523 confusio-

132 2550 194 2569 nem
218 2541 245 2568 in
268 2542 343 2568 aliud
369 2541 565 2568 commutarit?
584 2540 691 2577 1014.
711 2540 852 2573 Quomodo
868 2543 914 2576 qui

133 2589 206 2614 hunc
220 2587 303 2619 videt,
331 2587 403 2613 videt
429 2586 515 2620 illum,
541 2586 564 2613 si
580 2585 669 2613 Patris
695 2587 803 2621 quidem
820 2594 915 2614 essen-

132 2633 198 2660 tiam
213 2633 342 2660 divinitas
363 2633 495 2659 duntaxat
517 2632 634 2665 indicat;
651 2628 711 2659 Filii
730 2640 794 2660 vero
814 2632 914 2659 divini-

133 2684 176 2707 tas
187 2683 214 2707 et
225 2679 390 2711 humanitas,
405 2686 465 2713 qum
481 2686 565 2705 unum
577 2678 706 2713 quiddam
723 2684 819 2706 natura
834 2680 916 2707 sunt?

133 2724 168 2751 Et
183 2724 272 2751 Patris
293 2724 402 2759 quidem
416 2723 533 2751 essentia
548 2727 652 2758 partem
682 2731 736 2752 non
761 2724 842 2750 habet
856 2731 916 2759 quae

134 2770 262 2800 patiatur.
281 2770 360 2798 Verbi
380 2774 470 2797 autem
486 2773 584 2797 natura
597 2790 605 2803 ,
631 2770 722 2798 carnis
738 2774 843 2805 partem
867 2770 916 2797 ha-

170 2860 192 2876 ⁸⁸
209 2859 287 2888 Joan.
305 2869 330 2893 ε,
346 2862 389 2888 '50.
429 2862 451 2877 "
464 2861 542 2890 Joan.
568 2869 614 2889 xw
627 2883 635 2894 ,
653 2861 681 2890 9.

295 2910 431 2940 Parnm.
447 2910 506 2940 Gn.
525 2909 628 2940 XXVI

719 2862 742 2879 ⁸⁸
765 2862 848 2891 Marc.
874 2871 929 2898 κεν,
958 2863 1002 2891 36.

966 2265 1108 2298 Quomodo
1127 2266 1222 2293 eadem
1238 2273 1264 2293 et
1286 2266 1376 2293 omnia
1391 2266 1466 2293 novit
1478 2271 1622 2300 antequam
1641 2266 1747 2299 tierent,

965 2316 992 2339 et
1015 2316 1166 2339 extremum
1187 2312 1258 2338 diem
1281 2317 1308 2339 et
1336 2312 1431 2338 horam
1449 2311 1579 2346 ignorat?
1605 2311 1749 2344 Quomodo

965 2358 1060 2386 eadem
1080 2365 1104 2385 et
1123 2362 1249 2392 precatur
1274 2362 1301 2385 et
1326 2366 1420 2392 preces
1446 2358 1577 2392 suscipit?
1607 2358 1750 2391 Quomodo

966 2403 1031 2431 dicit
1043 2413 1048 2429 :
1066 2402 1135 2430 Deus
1149 2411 1231 2435 meus,
1248 2403 1316 2429 Deus
1326 2411 1408 2434 meus,
1421 2411 1468 2429 cur
1481 2411 1520 2429 me
1533 2403 1697 2438 dei-reliquiin
1711 2404 1752 2429 97‘!

968 2451 1036 2484 Quis
1052 2451 1127 2478 novit
1141 2449 1263 2477 eamdem
1285 2457 1300 2476 a
1317 2449 1404 2483 seipsa
1436 2453 1559 2476 naturam
1588 2449 1750 2482 derelinqui,

968 2502 995 2524 et
1009 2498 1139 2531 seipsam,
1157 2500 1187 2522 ut
1215 2495 1297 2522 alimn
1316 2495 1452 2526 invocare,
1465 2502 1531 2529 qme
1557 2494 1667 2528 quidem
1691 2501 1752 2520 om-

969 2544 1014 2570 nia
1027 2548 1151 2570 naturam
1166 2542 1299 2576 duplicem
1318 2541 1542 2575 consequuntur?
1564 2540 1664 2568 Verum
1681 2549 1751 2576 quo-

968 2589 1042 2616 niam
1070 2592 1096 2615 et
1119 2589 1244 2615 humanae,
1261 2592 1368 2614 naturae
1385 2587 1540 2621 exemplum
1566 2594 1617 2614 nos
1641 2587 1750 2621 quidem

969 2633 1002 2661 ad
1019 2633 1145 2668 pietatem
1166 2632 1380 2659 conﬁrmandam
1406 2632 1563 2664 attulimus,
1588 2632 1634 2658 alii
1660 2637 1752 2658 autem

970 2680 1004 2707 ad
1016 2681 1185 2708 eversionem
1211 2679 1383 2713 detorquent,
1404 2686 1515 2705 necesse
1542 2683 1584 2706 est
1615 2682 1644 2705 ut
1669 2681 1696 2705 et
1717 2677 1751 2705 de

970 2726 1022 2753 hoc
1036 2725 1098 2752 item
1115 2724 1294 2752 disseramus.

1040 2862 1061 2879 ³⁷
1084 2862 1155 2890 Psal.
1174 2868 1229 2895 xxi,
1250 2861 1259 2887 l
1278 2870 1284 2895 ;
1303 2859 1396 2889 Matth.
1429 2868 1514 2893 xxv“,
1543 2861 1588 2886 45.

1597 2905 1634 2935 39
