1939 3041
222 97 287 125 1227
503 97 531 124 S.
545 95 742 139 _ATIlANASll
760 95 834 122 OPP.
857 93 947 121 PARS
967 92 985 120 Ι.
1008 108 1041 112 —-

415 157 540 191 Ejusdem
556 157 680 184 adversus
693 156 809 183 eosdem.
1022 156 1042 184 Α

256 202 324 230 Ecce
336 203 409 230 enim
422 202 519 230 falsam
535 203 649 230 alteram
667 210 730 229 eum
745 201 885 236 impietate
897 199 1009 228 ratioci-

221 249 357 275 nationem
380 254 554 283 pepererunt.
575 248 812 281 Quemadmodum
829 267 836 279 ,
859 246 1007 282 inquiunt,

221 297 303 322 homo
318 302 352 321 ex
368 295 477 322 duobus
494 295 650 322 consistens
665 315 672 327 ,
689 302 744 321 una
760 294 861 322 dicitur
885 297 982 320 natura
1000 312 1007 324 ,

220 341 261 368 sic
276 341 357 368 etiam
383 340 528 368 Dominum
545 341 684 368 Christum
710 348 743 368 ex
768 340 856 368 Verbo
877 344 904 368 et
927 346 1009 367 carne

219 387 407 418 exsistentem,
425 395 507 414 unam
529 395 590 414 esse
616 392 723 415 constat
745 387 904 415 essentiam.
930 385 1007 419 Quod

219 435 274 460 duo
288 438 392 461 tantum
411 434 481 461 inter
493 441 522 460 se
534 433 687 461 differentia
704 433 850 468 perfectam
862 440 945 460 unam
958 440 1001 459 ne-

219 480 477 515 queantessentiam
499 480 643 511 conficere,
660 485 686 506 et
704 487 764 514 qua:
789 486 843 506 neu
863 479 898 506 sit
921 483 1008 505 muta-

219 524 292 556 bilis,
306 524 401 559 paucis
423 529 502 552 antea
518 525 734 553 demonstratum
751 530 801 552 est.
819 524 898 557 Quod
915 529 1006 551 autem

219 571 374 605 exemplum
393 570 444 598 hoc
458 571 498 598 rei
516 572 550 598 ab
571 571 637 606 ipsis
661 571 808 606 proposita:
825 571 892 597 nihil
909 571 1006 605 prosit,

219 617 310 644 statim
324 617 494 645 ostendetur.
513 617 601 645 Homo
621 626 654 645 ex
675 619 766 645 anima
783 624 872 645 mente
883 617 1006 653 praedita,

218 669 245 691 et
264 671 376 698 corp0re
398 664 526 692 sensibus
551 664 647 692 affecto
671 665 773 692 animal
790 665 852 700 jure
868 668 1006 692 censetur.

219 709 354 742 Quoniam
377 709 475 737 horum
500 715 627 738 neutrum
642 711 702 738 sine
715 711 801 738 altero
823 710 896 745 prius
917 711 1007 738 consi-

218 757 276 789 stit,
292 764 379 792 neque
392 761 497 784 naturae
511 757 657 785 terminum
675 763 828 789 conservat,
857 765 919 785 cum
935 757 1008 784 exsi—

218 802 306 829 stendi
326 802 490 837 principium
511 808 622 830 sumant
641 811 672 830 ex
697 809 774 831 utero
789 824 796 836 ,
815 808 898 838 atque
924 803 960 830 ita
979 803 1006 830 in

219 849 300 874 vitam
313 852 422 879 exeant,
439 852 466 875 et
489 856 569 875 unius
584 849 709 876 animalis
731 849 955 877 constitutionem
970 848 1006 875 ef-
1023 832 1044 859 Β

217 893 318 920 ﬁciant.
337 892 373 919 At
385 892 518 920 Dominus
531 892 612 921 Jesus
627 901 679 921 non
709 892 900 928 imperfectise
924 893 1004 920 rebus

217 938 366 966 exsistendi
384 939 548 974 principium
571 939 679 975 accipit,
696 939 744 967 sed
759 944 918 966 naturarum
943 946 1005 974 per-

218 985 348 1012 fcctarum
361 985 388 1012 in
406 992 435 1012 se
446 985 610 1020 principium
627 985 756 1013 ostendit.
773 985 862 1020 Atque
874 985 929 1012 illic
941 985 1002 1020 qui-

216 1031 278 1059 dem
297 1031 417 1058 hominis
443 1035 534 1066 partes
557 1035 632 1063 sunt,
659 1031 750 1058 anima
776 1036 803 1059 et
825 1039 924 1066 corpus
940 1040 945 1057 :
961 1031 1005 1057 hic

217 1081 318 1109 autem,
336 1083 425 1110 neque
440 1083 505 1103 caro
519 1084 583 1111 pars
600 1076 681 1104 Verbi
698 1081 750 1110 est,
773 1084 861 1112 neque
884 1076 1004 1103 Verbum

216 1129 280 1156 pars
305 1122 404 1148 carnis.
436 1120 537 1148 florum
559 1121 632 1149 enim
660 1127 818 1157 utrumque,
845 1122 1004 1157 priusquam

216 1168 427 1202 conjungantur,
446 1167 593 1202 perfectam
619 1173 745 1195 naturam
764 1168 895 1200 ostendit,
918 1173 947 1195 ut
964 1168 1005 1194 ni-

217 1214 255 1241 hil
270 1214 383 1241 omnino
399 1221 488 1248 neque
501 1214 638 1242 divinitati
654 1214 687 1241 ad
705 1215 838 1242 rationem
853 1214 1004 1249 propriam,

216 1267 304 1295 neque
320 1260 483 1287 humanitati
503 1260 584 1288 desit.
599 1260 679 1287 Aliud
691 1261 765 1287 enim
778 1265 830 1292 est,
848 1260 954 1287 duabus
970 1268 1003 1287 ex

216 1307 340 1341 partibus
354 1307 503 1334 essentiam
516 1306 630 1340 absolvi,
643 1312 670 1333 et
686 1307 771 1338 aliud,
786 1305 856 1333 duas
869 1306 1004 1334 essentias

215 1351 355 1387 conjungi,
370 1359 486 1386 quarum
500 1357 615 1387 utraque
629 1351 747 1386 perfecta
756 1351 801 1378 sit.
817 1351 1004 1384 Quamobrem

215 1403 242 1425 et
266 1399 353 1426 forma
378 1398 424 1426 Dei
448 1399 560 1431 dicitur,
572 1404 599 1426 et
619 1398 706 1426 forma
728 1398 809 1426 servi.
837 1397 866 1425 ιιι
893 1397 1005 1426 homine

215 1452 280 1472 vero
306 1452 394 1480 neque
421 1445 514 1472 anima
539 1445 597 1473 sola
621 1450 662 1472 est
681 1445 784 1476 homo,
812 1451 902 1479 neque
928 1452 1003 1474 caro.

214 1489 283 1517 Nam
297 1490 320 1518 si
342 1490 438 1517 ltarum
463 1491 546 1521 altera
561 1491 650 1525 reipsa
664 1489 782 1525 perfecta
796 1489 867 1518 foret
879 1495 977 1518 natura
995 1511 1003 1524 ,
1018 1509 1038 1538 ο

215 1535 316 1571 aliquid
333 1537 414 1563 etiam
431 1536 490 1563 sine
521 1535 605 1563 altera
623 1535 791 1571 perfecisset.
818 1536 851 1562 Et
875 1536 927 1563 hoc
942 1544 1004 1572 per-

215 1582 342 1617 spicuum
361 1587 414 1613 est,
431 1590 486 1609 non
505 1582 594 1609 solum
610 1589 642 1609 ex
659 1583 760 1610 divinis
774 1583 890 1618 legibus,
908 1591 1003 1610 verum

214 1627 297 1654 etiam
314 1635 347 1654 ex
364 1627 452 1654 verbis
474 1627 612 1655 humanis.
643 1627 760 1661 Etenim,
782 1629 828 1663 qui
848 1628 904 1656 haec
921 1631 1004 1663 proli-

214 1677 316 1705 teutur,
328 1672 369 1700 sic
390 1673 527 1700 hominem
543 1672 687 1705 definiunt,
704 1680 766 1701 esse
780 1674 882 1701 anintal
896 1674 1004 1702 ratione

212 1719 370 1754 praeditum,
396 1719 511 1747 mortale
528 1729 534 1746 :
561 1724 590 1746 ut
607 1720 712 1747 ratione
732 1721 876 1755 praeditum
896 1720 930 1748 ad
948 1721 1004 1748 ani-

215 1772 298 1797 mam,
328 1765 441 1792 mortale
463 1769 567 1800 spectet
592 1766 626 1793 ad
647 1773 759 1801 corpus.
787 1766 833 1795 Sic
853 1772 1002 1802 utrumque

214 1810 297 1838 unius
311 1818 376 1838 esse
401 1818 536 1846 persona},
552 1818 608 1838 non
632 1816 724 1839 autem
744 1812 862 1839 duarum
888 1819 1003 1840 censue-

215 1861 290 1884 runt.
314 1855 377 1884 Pari
407 1857 515 1884 ratione
540 1861 567 1885 et
586 1856 678 1884 divina
704 1857 846 1893 Scriptura
864 1858 1003 1886 hominem

215 1903 305 1937 ipsum
319 1907 346 1930 et
368 1902 402 1930 ad
419 1903 565 1938 imaginem
588 1903 635 1931 Dei
658 1903 803 1938 signiﬁcat,
818 1908 928 1939 propter
944 1904 1006 1931 ani-

214 1957 266 1976 mae
282 1949 386 1976 ratione
400 1949 521 1984 praedita:
534 1949 736 1982 excellentiam,
748 1953 776 1976 et
790 1950 941 1977 masculum
956 1957 1004 1984 ap-

214 1993 296 2028 pellat
307 1999 333 2021 et
350 1994 479 2021 feminam
504 1997 615 2028 propter
636 1994 728 2021 carnis
744 1994 939 2029 proprietatem
953 2003 960 2027 ;
974 1999 1004 2020 ut

214 2039 332 2067 animam
353 2043 380 2067 et
394 2046 494 2074 corpus
519 2039 601 2067 unius
616 2048 750 2074 personas,
764 2048 818 2067 non
831 2045 922 2068 autem
933 2040 1004 2067 dua-

214 2093 291 2117 runt,
306 2089 398 2120 partes
411 2093 473 2113 esse
487 2085 616 2112 declaret.
633 2085 688 2113 Cur
710 2086 794 2121 igitur
809 2086 862 2114 hoc
890 2090 1004 2113 utuntur

214 2132 350 2167 exemplo,
373 2131 445 2166 quod
471 2131 573 2158 nullam
601 2131 682 2159 habet
710 2132 946 2159 similitudinem?
975 2133 1002 2159 Si

214 2178 288 2206 enim
303 2178 372 2206 duas
386 2185 518 2213 personas
531 2177 666 2212 perfectas
680 2178 859 2206 ostenderent
873 2179 900 2205 in
920 2187 1002 2206 unam
1019 2183 1041 2211 ι)

215 2225 360 2252 conclusas
377 2224 538 2256 essentiam,
551 2228 624 2251 recte
636 2225 791 2260 exemplum
811 2225 1000 2259 protulissent.

216 2270 269 2298 Sed
291 2270 373 2298 unius
399 2277 522 2305 persona!
538 2269 609 2298 duas
634 2276 724 2305 partes
735 2271 868 2303 dicentes,
881 2272 949 2299 duas
966 2271 1005 2298 di-

215 2321 281 2343 cunt
295 2324 436 2352 personas,
452 2323 513 2342 cum
535 2315 666 2343 Dominus
682 2315 808 2343 Christus
821 2316 876 2344 duo
891 2321 1005 2344 vocetur

215 2363 345 2397 perfecta,
361 2367 388 2389 et
402 2361 474 2389 Deus
491 2366 520 2389 et
541 2361 635 2395 homo,
657 2367 768 2397 propter
785 2363 929 2397 utriusque
944 2370 1006 2397 per—

216 2409 371 2436 fectionem.
388 2408 433 2436 Sic
442 2408 515 2436 enim
536 2407 691 2436 Servatoris
702 2408 804 2436 Christi
817 2417 917 2436 nomen
930 2417 1004 2436 nunc

215 2454 325 2489 quidem
348 2454 433 2481 solam
455 2453 577 2481 ostendit
596 2453 778 2486 divinitatem,
796 2459 890 2488 utpote
918 2454 1003 2481 abso—

215 2502 299 2527 lutam
325 2505 352 2527 et
381 2500 527 2535 perfectam
543 2521 550 2532 ,
576 2508 649 2527 nunc
669 2505 760 2527 autem
790 2500 1004 2531 humanitatem,

214 2546 315 2581 quippe
329 2547 407 2581 cujus
422 2545 582 2580 perfectioni
609 2545 678 2572 nihil
706 2545 786 2573 desit.
807 2544 848 2572 Nu
857 2553 890 2572 ne
913 2549 1006 2572 autern

214 2600 277 2619 cum
295 2591 353 2626 ipsa
364 2599 480 2626 persona
496 2595 613 2626 utraque
627 2591 743 2618 duarum
761 2596 921 2618 naturarum
950 2590 1004 2618 dif-

216 2637 358 2663 ferentiam
373 2641 399 2664 et
411 2636 605 2672 perfectionem
618 2645 687 2665 nova
698 2638 894 2672 conjunctione
911 2637 1005 2665 susci-

215 2683 281 2717 piat,
295 2682 333 2709 illi
349 2683 459 2718 quidem
476 2683 510 2711 ad
525 2683 675 2711 divinitatis
692 2684 873 2712 mutationem
890 2689 917 2711 et
928 2691 1004 2711 ever-

215 2731 333 2763 sionem,
347 2731 543 2758 humanitatcm
562 2731 744 2759 adhibuerunt
759 2740 767 2758 ε
784 2739 834 2759 nos
851 2735 954 2762 autem.
973 2736 1003 2758 ut

1062 90 1247 120 HISTORICA
1265 91 1310 119 ET
1331 90 1541 119 DOGMATICA.
1779 90 1847 118 ms

1057 153 1263 180 ostenderemus
1274 155 1478 179 cttestaremur
1499 150 1556 177 fieri
1572 157 1652 185 posse
1672 154 1703 177 ut
1731 149 1846 178 duarum

1061 206 1150 226 rerum
1167 205 1332 234 congressus
1345 197 1391 231 sit,
1407 203 1433 224 et
1450 205 1504 224 una
1526 204 1654 232 persona.
1675 195 1743 223 Nam
1767 197 1790 224 si
1806 198 1847 224 ni-

1061 245 1097 272 hil
1116 245 1244 280 prohibet
1265 245 1414 280 quominus
1440 243 1559 271 hominis
1583 248 1680 270 natura
1702 243 1772 271 duas
1801 244 1848 270 ha-

1060 292 1122 319 beat
1152 297 1254 327 partes,
1281 299 1315 318 ex
1340 291 1440 326 quibus
1463 298 1518 318 uua
1547 291 1689 325 consurgit
1718 297 1845 325 persona,

1060 338 1142 366 homo
1161 338 1304 371 nimirum,
1317 338 1364 372 qui
1380 337 1416 364 ita
1429 341 1556 369 constat;
1579 341 1683 372 quanto
1698 336 1785 371 magis
1807 336 1848 363 di-

1060 384 1120 410 vina
1138 384 1224 419 gratia
1238 384 1311 411 valet
1337 383 1443 411 efIicere
1467 388 1497 410 ut
1520 383 1581 410 duae
1601 385 1707 410 naturae
1723 382 1848 417 perfectae

1060 430 1086 456 in
1112 430 1333 465 ronjunetionem
1357 429 1470 456 minime
1493 428 1635 457 confusam
1659 435 1847 461 concurrant.

1060 482 1109 502 nec
1127 479 1217 502 tamen
1231 483 1285 502 una
1303 475 1451 510 singularis
1462 474 1573 502 tollatur
1589 475 1729 510 persona?
1747 474 1848 508 Quem-

1059 521 1206 548 admodum
1234 526 1324 548 autem
1350 529 1412 548 cum
1437 521 1586 548 audimus:
1620 519 1692 548 Unus
1720 520 1849 547 Dominus

1058 566 1135 593 Jcsns
1155 565 1286 599 Christus,
1298 575 1344 602 per
1366 574 1442 601 quem
1460 567 1549 593 omnia
1559 567 1593 599 ⁸⁸,
1612 574 1703 594 rerum
1722 567 1848 594 omnium

1059 613 1286 647 procreationem,
1299 617 1327 640 ut
1340 621 1389 648 par
1402 617 1454 645 est,
1467 613 1520 640 soli
1533 612 1680 640 tribuimus
1695 613 1847 644 divinitati,

1059 660 1098 686 sic
1115 659 1258 687 audientes
1272 669 1278 686 :
1295 659 1374 687 Unus
1390 659 1509 694 patibilis
1524 658 1649 686 Christus
1661 679 1668 692 ,
1694 658 1851 692 conjunctae

1058 706 1150 733 carnis
1162 705 1334 733 affectionem
1354 706 1540 741 agnoscimus.
1554 704 1607 738 Qui
1620 705 1692 732 enim
1708 704 1850 739 possimus

1058 753 1179 787 ejusdem
1195 753 1322 780 essentia:
1340 757 1367 780 et
1389 753 1416 779 in
1447 753 1560 786 eodem,
1588 753 1807 780 imbecillitatem
1822 758 1849 780 et

1058 799 1187 826 virtutem
1216 799 1386 835 intelligere?
1411 798 1548 834 Spiritus,
1571 799 1670 834 inquit,
1697 804 1848 834 promptus,

1058 852 1120 870 caro
1137 849 1224 870 autem
1240 844 1348 878 inﬁrma
1364 844 1396 878 '9,
1414 852 1467 871 non
1484 849 1573 872 autem
1595 852 1658 879 pars
1671 845 1773 877 carnis,
1800 850 1849 872 aut

1057 898 1120 925 pars
1137 890 1251 925 spiritus
1265 899 1272 916 :
1284 895 1312 917 et
1331 898 1440 918 rursum
1458 899 1465 916 :
1494 891 1525 918 Si
1549 891 1628 923 enim,
1647 891 1744 926 inquit,
1760 892 1849 918 cruci-

1056 935 1125 969 fixus
1141 939 1181 962 est
1207 935 1375 969 inﬁrmitate.
1393 936 1454 962 vivit
1471 944 1503 963 ea:
1518 937 1615 963 virtute
1630 936 1679 963 Dei
1697 937 1730 964 ".
1750 936 1850 965 Cernis

1056 981 1169 1008 nomina
1181 985 1208 1008 et
1227 979 1282 1013 res,
1295 981 1409 1017 spiritus
1421 987 1448 1009 et
1462 990 1538 1015 caro,
1550 983 1638 1010 virtus
1648 988 1675 1010 et
1687 983 1848 1017 infirmitas,

1055 1035 1123 1054 crus
1137 1031 1164 1055 et
1178 1027 1299 1062 vita,qui
1314 1028 1431 1055 suscitat
1443 1033 1470 1056 et
1481 1029 1527 1064 qui
1539 1030 1701 1063 suscitatur,
1712 1030 1759 1064 qui
1770 1031 1850 1058 exal-

1057 1078 1096 1100 tat
1108 1078 1135 1100 et
1150 1073 1197 1108 qui
1221 1073 1368 1100 exaltatur.
1386 1073 1482 1101 Cernis
1494 1079 1585 1102 autem
1607 1075 1634 1101 in
1650 1083 1702 1101 una
1715 1083 1847 1110 persona,

1056 1127 1109 1146 non
1126 1120 1246 1154 partium
1262 1119 1501 1155 compositionem,
1515 1120 1561 1147 sed
1584 1120 1769 1155 perfectarum
1797 1130 1849 1149 na-

1056 1170 1179 1192 turarum
1196 1164 1430 1199 conjunctionem,
1451 1172 1505 1200 qua
1532 1173 1586 1192 non
1609 1165 1670 1193 duae
1696 1174 1749 1193 una
1778 1166 1850 1195 fiunt

1056 1211 1186 1242 essentia.
1202 1211 1248 1238 sed
1262 1219 1317 1238 una
1331 1211 1450 1247 dignitas
1461 1216 1488 1239 et
1503 1211 1588 1247 gloria
1600 1212 1767 1240 declaratur.
1784 1212 1849 1241 Non

1056 1257 1140 1293 igitur
1153 1262 1314 1285 naturarum
1344 1266 1476 1294 negamus
1497 1258 1731 1294 conjunctionem,
1750 1259 1798 1287 sed
1819 1260 1848 1287 in

1056 1312 1138 1330 unam
1159 1304 1307 1331 essentiam
1325 1305 1442 1332 dicimus
1471 1312 1546 1332 nunc
1572 1304 1753 1333 confluxisse.
1773 1305 1850 1334 Fieri

1055 1357 1108 1377 n0n
1134 1357 1225 1384 posse,
1243 1355 1273 1377 ut
1294 1350 1355 1378 dure
1372 1359 1426 1378 una
1452 1350 1518 1378 fiant
1543 1351 1672 1383 essentia,
1699 1352 1779 1379 docet
1795 1359 1851 1380 na-

1054 1401 1123 1424 turae
1146 1396 1198 1428 lex,
1225 1397 1304 1424 docet
1327 1401 1354 1424 et
1379 1397 1582 1432 prmdicalionis
1598 1397 1679 1430 ratio,
1702 1397 1800 1424 suadet
1818 1397 1848 1424 in

1055 1442 1132 1470 omni
1149 1449 1241 1469 rerum
1256 1450 1355 1478 genere
1368 1442 1534 1478 experientia
1551 1452 1557 1475 ;
1573 1448 1665 1477 aperte
1681 1443 1762 1470 etiam
1788 1443 1851 1478 ipse

1057 1487 1190 1516 Dominus
1205 1489 1325 1521 indicat,
1353 1489 1401 1524 qui
1427 1493 1489 1524 post
1511 1490 1741 1517 resurrectionem
1766 1497 1850 1517 suam

1056 1543 1110 1562 non
1126 1535 1301 1564 credentibus
1320 1536 1409 1563 adhuc
1421 1536 1564 1571 discipulis
1581 1546 1587 1563 :
1603 1535 1727 1570 Palpate,
1743 1535 1849 1570 inquit.

1055 1590 1107 1614 me,
1116 1587 1141 1609 et
1154 1581 1248 1612 videte,
1262 1582 1323 1616 quia
1335 1582 1445 1617 spiritus
1463 1590 1569 1609 carnem
1581 1587 1606 1609 et
1622 1590 1681 1609 ossa
1694 1590 1746 1608 non
1757 1582 1848 1613 habet,

1054 1627 1123 1654 sicut
1146 1635 1186 1654 me
1206 1628 1300 1654 videtis
1325 1628 1419 1654 habere
1432 1629 1466 1653 ⁹¹.
1491 1627 1618 1662 Palpate,
1637 1628 1736 1662 inquit,
1757 1628 1848 1662 pritts,

1055 1677 1084 1699 ut
1099 1673 1252 1700 ostenderet
1280 1680 1310 1700 se
1339 1673 1453 1708 spiritus
1465 1681 1519 1701 non
1537 1681 1598 1701 esse
1625 1678 1774 1708 spectrum,
1790 1682 1849 1709 quo

1055 1723 1210 1753 spectantes
1222 1719 1479 1755 deciperentur,-sed
1492 1728 1593 1754 corpus
1607 1720 1690 1747 tactui
1703 1720 1846 1748 resistens.

1055 1765 1122 1798 Quis
1135 1773 1190 1792 non
1207 1765 1297 1792 videat
1320 1770 1481 1793 naturarum
1502 1765 1695 1800 proprietates,
1711 1774 1773 1794 cum
1788 1767 1849 1802 spi-

1055 1811 1126 1839 ritus
1137 1811 1247 1846 quidem
1264 1820 1376 1840 carnem
1393 1817 1419 1840 et
1432 1820 1496 1840 ossa
1512 1821 1566 1840 non
1582 1812 1690 1845 habeat,
1707 1820 1769 1848 quae
1784 1820 1849 1840 cor-

1055 1857 1115 1891 pori
1129 1857 1246 1889 adsunt;
1262 1862 1290 1885 et
1312 1865 1414 1893 corpus
1439 1858 1550 1893 quidem
1577 1859 1711 1891 videatur,
1731 1859 1848 1893 spiritus

1055 1907 1144 1930 autem
1162 1911 1217 1930 non
1236 1909 1383 1936 cernatur;
1406 1912 1506 1938 corpus
1531 1905 1615 1932 tactui
1633 1905 1669 1932 sit
1684 1905 1848 1937 obnoxium,

1055 1950 1169 1984 spiritus
1186 1954 1278 1977 autem
1304 1951 1356 1978 sub
1380 1955 1481 1978 tactum
1501 1958 1554 1978 non
1581 1951 1676 1979 cadat?
1699 1950 1849 1984 Quomodo

1056 1995 1138 2030 igitur
1153 1996 1271 2024 essentia
1290 2004 1354 2030 una,
1369 2005 1431 2024 cum
1451 2001 1527 2024 tanta
1549 1997 1585 2025 sit
1600 1997 1773 2025 differentia?

1240 2042 1380 2077 Ejusdem,
1397 2042 1523 2070 adversus
1539 2044 1652 2070 eosdem.

1090 2088 1160 2122 Quid
1180 2088 1295 2116 dicitis?
1314 2087 1384 2121 Quid
1401 2088 1619 2116 demonstratis?
1644 2088 1708 2115 Abit
1735 2091 1850 2115 natura-

1057 2143 1116 2162 rum
1132 2134 1342 2167 differentia;ct
1356 2134 1459 2162 nullum
1484 2142 1579 2162 earum
1604 2134 1738 2161 indicium
1764 2135 1851 2162 relino

1055 2181 1166 2217 quitur?
1178 2181 1322 2214 Quomodo
1337 2181 1420 2217 igitur
1443 2181 1595 2215 subjectum
1612 2181 1819 2216 appellabimus
1836 2182 1849 2208 ?

1056 2227 1213 2255 Verbumne
1237 2227 1349 2255 solum?
1371 2227 1463 2263 Neque
1482 2228 1555 2255 enim
1585 2227 1611 2254 id
1631 2227 1769 2263 quispiam
1787 2235 1850 2255 car-

1055 2283 1117 2302 nem
1142 2275 1252 2306 dixerit,
1273 2274 1367 2309 quieo
1393 2273 1504 2302 nomine
1530 2281 1560 2300 se
1585 2273 1650 2300 illttd
1670 2277 1745 2308 putet
1760 2273 1851 2301 hono-

1056 2327 1126 2347 rare.
1153 2319 1188 2346 At
1201 2319 1340 2353 quomodo
1367 2327 1421 2347 non
1439 2319 1529 2354 ipsum
1544 2318 1651 2346 adicitis
1669 2319 1846 2350 contumelia,

1057 2374 1119 2394 cum
1137 2366 1217 2393 talem
1242 2365 1328 2400 ipsius
1344 2364 1492 2392 essentiam
1512 2364 1614 2399 putatis
1636 2371 1707 2395 esse,
1725 2368 1754 2390 ut
1769 2363 1847 2391 alteri

1058 2413 1137 2439 liceat
1153 2411 1279 2438 essentia:
1290 2415 1441 2446 procreata:
1454 2410 1480 2437 in
1496 2418 1555 2438 eam
1575 2410 1758 2437 commutari?
1770 2409 1849 2443 Quod

1058 2458 1130 2485 enim
1159 2466 1174 2484 a
1190 2457 1372 2484 deterioribus
1385 2457 1446 2492 capi
1466 2460 1555 2491 potest
1574 2463 1720 2483 comntune
1747 2458 1850 2483 multo-

1061 2511 1120 2530 rum
1135 2508 1187 2535 est,
1199 2507 1226 2529 et
1244 2510 1296 2529 non
1314 2502 1396 2529 unius
1411 2502 1553 2530 eximium.
1569 2501 1620 2528 Cui
1635 2506 1726 2528 autem
1748 2501 1773 2528 id
1789 2509 1852 2536 pro-

1059 2550 1148 2584 pritim
1164 2553 1205 2576 est
1223 2554 1251 2575 ut
1268 2549 1303 2575 sit
1321 2549 1505 2581 inaccessum,
1530 2547 1594 2574 huic
1616 2547 1755 2581 quomodo
1780 2547 1851 2574 alte-

1060 2603 1119 2622 rum
1145 2594 1334 2630 adjungatur?
1353 2594 1387 2620 At
1411 2602 1466 2621 non
1494 2593 1577 2620 modo
1596 2593 1716 2620 Verbum
1743 2591 1852 2619 aflicitis

1060 2639 1237 2670 contumelia.
1253 2646 1348 2666 verum
1365 2638 1447 2666 etiam
1464 2639 1556 2666 carnis
1575 2645 1722 2673 personam
1737 2635 1850 2664 tollitis.

1059 2685 1144 2720 Cujus
1170 2684 1242 2712 enim
1272 2683 1404 2710 indicium
1435 2683 1554 2718 amplius
1583 2690 1637 2709 non
1663 2680 1853 2715 relinquitur,

1061 2731 1142 2766 hujus
1169 2731 1283 2766 gloriam
1316 2729 1455 2764 quomodo
1481 2727 1703 2764 cognoscemus?
1719 2726 1749 2754 Si
1775 2725 1854 2753 enim

249 2819 273 2836 ⁸⁵
286 2818 433 2852 1Cor.vut,
451 2819 478 2848 6.
516 2820 538 2836 ⁸ο
552 2819 645 2847 Matth.
664 2828 737 2853 xxvn,
752 2819 796 2847 Al.
835 2821 858 2837 ³ο
885 2821 905 2848 ll
929 2821 991 2850 Cor.
1011 2829 1070 2854 xm,
1096 2821 1122 2849 Ιι,
1161 2822 1182 2837 9'
1203 2821 1269 2848 Luc.
1288 2828 1361 2853 xxnv,
1378 2803 1427 2858 59;
