1939 3041
109 116 177 145 1229

755 119 965 147 FRAGMENTA
982 120 1099 149 VARIA.

1664 117 1734 152 i233

107 175 290 210 cognoscitur,
315 176 443 211 quoniam
459 182 511 209 est,
528 178 626 206 merito
648 185 708 206 eam
733 179 888 206 honoratis.
906 181 930 210 Α
944 180 1049 208 modum
1066 182 1180 214 vidistis,
1198 182 1224 209 id
1249 186 1290 210 est
1305 183 1397 212 carnis
1425 182 1525 210 oculis.
1553 181 1616 210 Haec
1633 183 1680 218 qui
1699 184 1736 210 ita

109 223 137 250 Si
154 231 208 250 non
223 227 275 255 est,
291 223 427 258 quomodo
455 224 547 259 gloria:
566 224 667 252 fruitur
697 225 897 260 amplitudine?

108 268 166 297 Nisi
196 269 371 298 ostenderitis
404 270 430 297 id
466 271 541 306 quod
572 271 733 303 honoratis,
765 279 897 306 nonap-

76 336 81 341 .
108 316 215 351 parebit
230 316 321 352 gloria!
342 317 512 351 magnitudo.
529 316 720 345 Necessarium
748 318 831 353 igitur
856 321 898 345 est

108 363 245 395 conliteri,
278 362 395 390 duorum
439 363 556 391 minime
595 364 739 391 confusam
778 363 896 399 conjun-

109 409 236 441 ctionem,
272 416 321 436 nec
355 408 387 436 ad
419 400 587 444 accipientis
607 410 811 442 mutationem,
842 417 893 438 nec

109 456 142 483 ad
165 455 267 490 accepti
294 455 435 482 interitum
451 463 513 482 esse
533 455 645 487 factam,
666 456 713 483 sed
745 455 778 482 ad
804 455 897 491 gloria:

108 501 283 532 societatem.
313 508 375 536 quae
411 501 437 528 in
470 501 551 528 unius
578 508 694 536 persona
730 501 895 528 declaratur.

108 547 237 580 Quamvis
269 545 341 573 enim
380 550 529 582 utrumque
565 547 679 574 verbum
714 546 822 580 solum,
847 554 896 573 na-

107 596 168 620 tura
185 591 267 619 eliam
290 596 470 627 repugnante,
492 592 585 619 vocari
609 591 763 626 patiamini,
782 599 836 619 non
853 597 896 618 ta-

108 645 170 665 men
185 637 330 665 discrimen
345 637 530 666 abscondetis.
561 637 792 673 Quandoquidem
808 646 895 665 unum

107 688 167 712 erat
181 691 196 711 a
216 683 360 719 principio,
377 684 492 712 alterum
508 689 600 711 autem
614 683 715 712 factum
735 688 787 713 est.
803 683 896 712 Unum

108 730 181 764 quod
196 737 247 758 nec
262 730 336 758 cerni
353 738 403 758 nec
419 731 490 766 tangi
509 735 608 766 potest,
619 738 653 758 ex
673 731 780 758 inﬁnito
801 731 895 758 inﬁni-

108 781 186 810 tum;
212 775 317 812 1015
332 777 447 804 alterum
472 782 562 805 autem
595 785 628 805 ex
658 785 691 805 co
719 777 791 813 quod
822 778 895 805 cerni

108 823 237 859 tangique
253 827 352 858 potest,
366 823 445 856 inid,
472 824 545 859 quod
562 831 612 852 nec
629 825 752 852 cernitur
769 832 819 852 nec
836 829 895 851 tan-

107 868 189 904 gitur,
204 869 321 896 transiit.
335 869 368 896 Et
383 877 468 897 unum
481 870 592 904 quidem
609 869 694 897 semel
710 869 893 902 immutabile,

108 916 224 944 alterum
239 922 329 944 autem
352 925 384 945 ex
409 918 534 945 mutabili
549 918 583 945 ad
600 918 820 953 praestantiorem
835 925 896 953 per-

108 963 181 991 venit
193 963 387 992 conditionem.
403 963 550 997 Praeterea,
566 964 589 992 si
606 964 658 992 hoc
668 969 710 992 est
725 964 812 991 solum
832 963 897 991 Ver-

107 1009 185 1042 lium,
199 1017 248 1037 cur
262 1017 316 1038 non
334 1010 499 1042 invenimus,
517 1018 582 1038 caro
598 1010 669 1038 facta
686 1014 729 1037 cst
748 1009 868 1038 Verbum
887 1019 895 1043 ;

108 1055 166 1087 sed,
190 1054 299 1082 Verbum
321 1063 382 1082 caro
401 1055 503 1090 factum
519 1060 557 1083 est
572 1055 615 1081 "‘i
633 1055 700 1088 Quis
727 1062 810 1090 porro
828 1056 896 1083 adeo

107 1101 220 1134 insanit,
235 1106 262 1129 et
277 1106 367 1129 mente
393 1106 491 1137 captus
515 1105 567 1134 est,
586 1106 616 1128 ut
636 1101 735 1128 audeat
749 1101 839 1129 dicere
856 1102 897 1128 di-

108 1149 197 1176 vinam
217 1149 363 1176 essentiam
376 1148 561 1183 assumpsisse
579 1148 661 1175 aliam
683 1147 837 1175 divinitatis
851 1155 895 1180 cs-

108 1195 224 1222 sentiam
246 1202 280 1222 ex
304 1195 390 1222 altera
404 1194 609 1230 provenientem
624 1199 733 1227 natura,
751 1198 781 1221 ut
793 1202 842 1229 per
858 1199 897 1221 Ia-

108 1241 161 1268 lem
178 1241 364 1269 accessionem
380 1241 580 1268 incrementum
596 1241 681 1272 illius,
701 1240 775 1275 quod
798 1245 896 1268 natura

108 1287 210 1315 nullius
226 1287 340 1323 indiget,
357 1292 384 1315 et
397 1287 549 1322 perfectum
572 1291 624 1319 est,
643 1287 840 1322 compararet?
855 1288 896 1314 Ad

108 1337 176 1368 haec,
197 1336 336 1371 quomodo
363 1336 455 1364 divina
475 1335 627 1371 Scriptura,
652 1336 734 1363 etiam
759 1340 821 1370 post
847 1343 896 1363 no-

107 1389 172 1408 vum
189 1382 316 1416 reditum,
340 1382 471 1416 praedicat
493 1389 555 1416 quae
579 1381 671 1409 carnis
687 1386 752 1409 sunt
774 1382 894 1421 propria,

108 1435 206 1463 nempe
220 1436 329 1456 rursum
343 1434 487 1456 venturum
498 1449 506 1461 ,
528 1428 680 1464 eodemque
699 1429 780 1456 modo
805 1429 896 1455 visum

108 1473 161 1502 iri?
177 1474 246 1502 Num
258 1474 362 1510 angelis
376 1475 457 1502 etiam
473 1475 672 1510 repugnabitis,
684 1475 729 1510 qui
743 1480 837 1510 aperte
851 1475 895 1502 di-

949 234 1003 253 non
1018 227 1128 262 accipit,
1145 227 1168 255 is
1186 235 1240 255 non
1257 228 1346 256 solum
1362 229 1468 264 angelis
1484 232 1627 264 repugnat,
1641 236 1736 256 verum

948 271 1030 299 etiam
1046 273 1132 300 sacris
1154 272 1273 308 Spiritus
1293 274 1381 301 sancti
1410 267 1529 301 oraculis
1556 273 1736 301 adversatur!

949 317 1091 350 Quomodo
1118 318 1262 346 intercedit
1278 327 1327 354 pro
1340 319 1434 346 multis
1452 318 1585 347 Dominus
1598 319 1736 351 Christus,

949 368 979 390 ut
992 363 1111 391 Verbum
1137 364 1246 392 solum?
1273 364 1306 392 Et
1330 365 1376 392 ubi
1393 369 1436 393 est
1449 364 1563 400 aequalis
1579 371 1641 392 cum
1658 364 1738 392 Patre

948 409 1077 444 dignitas,
1095 409 1119 436 si
1138 414 1269 445 tanquam
1295 410 1409 438 inferior
1430 410 1574 438 intercedil
1586 430 1594 443 ,
1612 418 1667 438 non
1685 418 1736 438 aud

948 459 1002 483 tem
1016 461 1078 482 cum
1095 455 1257 483 auctoritate
1274 456 1398 491 largitur,
1424 463 1486 483 eum
1504 459 1540 483 stt
1553 456 1658 490 pariter
1674 463 1735 483 orn-‘

947 500 1094 535 nipotens?
1108 500 1202 528 Nonne
1214 502 1390 536 perspicuum
1406 505 1459 533 est,
1469 501 1649 536 primitiarum
1662 509 1734 534 esse,

947 553 997 581 pro
1011 553 1101 574 massa
1114 547 1224 582 propria
1239 547 1417 581 intercedere,
1435 551 1466 574 ut
1488 550 1566 575 suam
1590 551 1654 582 erga
1677 555 1736 575 ear-

947 593 990 621 nis
1008 597 1134 620 naturam
1162 593 1336 622 aﬂectionem
1362 593 1506 621 ostendat?
1531 593 1616 627 Quem
1644 598 1734 622 autem

947 648 1002 668 non
1020 646 1127 668 moveat
1149 641 1302 668 clarissima
1320 640 1515 675 sapientissimi
1539 640 1615 668 Pauli
1637 641 1736 676 praedi-

947 687 1037 720 catio;
1053 687 1110 721 qui,
1130 686 1213 720 Deus,
1230 687 1328 722 inquit,
1342 687 1503 722 ignorantia:
1518 691 1635 721 tempora
1647 687 1735 721 despi-

947 733 1028 766 ciens,
1046 733 1182 760 denuntiat
1211 733 1332 759 omnibus
1363 733 1477 768 ubique,
1503 737 1532 759 ut
1555 733 1736 767 paenitentiam

947 785 1036 814 agant,
1050 779 1174 815 quoniam
1190 779 1328 806 constituit
1348 779 1419 806 diem
1445 779 1472 805 in
1493 787 1546 813 qua
1562 779 1735 813 judicaturus

946 830 984 852 est
1000 825 1087 851 orbem
1101 829 1242 856 terrarum,
1260 825 1287 850 in
1300 823 1421 858 justitia,
1442 823 1469 850 in
1485 823 1552 855 viro,
1574 831 1624 857 quo
1644 822 1734 857 deﬁni-

947 872 992 904 vit,
1004 871 1083 906 ﬁdem
1099 871 1219 898 omnibus
1234 870 1334 905 faciens
1346 891 1353 902 ,
1378 870 1466 905 ipsum
1488 878 1505 896 a
1522 870 1633 896 mortuis
1651 870 1736 895 susci~

948 923 1017 945 (asse
1031 917 1063 944 ’⁵.
1078 916 1175 945 Nonne
1190 916 1373 944 diﬂ‘crentiam
1397 916 1526 944 sustulit?
1549 915 1645 943 Nonne
1668 915 1737 943 dixit

947 962 1032 990 Deum
1046 963 1074 990 in
1088 963 1146 990 viro
1157 962 1169 989 *ἒ
1180 960 1277 989 Nonne
1291 962 1490 989 demonstravit
1511 961 1597 989 Deum
1611 961 1657 997 qui
1678 969 1737 988 sus-

947 1009 1063 1041 citavit,
1083 1014 1110 1036 et
1130 1008 1269 1036 hominem
1289 1007 1337 1043 qui
1366 1008 1517 1035 suscitatus
1538 1007 1602 1035 est?
1633 1007 1735 1034 Verum

947 1063 1103 1091 quanquam
1128 1053 1308 1081 dillerentiam
1326 1054 1456 1088 ostendit,
1480 1061 1534 1081 non
1562 1058 1652 1082 tamen
1670 1060 1737 1081 con-

945 1101 1116 1136 junctionem
1139 1101 1347 1135 inseparabilem
1377 1101 1563 1136 prmtermisil.
1589 1099 1647 1127 Non
1662 1100 1735 1128 enim

947 1148 1026 1181 dixit,
1043 1148 1128 1175 Deum
1146 1155 1209 1175 cum
1236 1147 1312 1181 viro;
1337 1148 1394 1179 sed,
1416 1147 1501 1174 Deum
1529 1147 1555 1174 in
1583 1148 1649 1174 viro.
1675 1146 1735 1174 Jam

947 1195 1083 1230 quomodo
1108 1194 1175 1221 illud
1204 1194 1387 1229 intelligemus
1412 1204 1418 1221 :
1452 1193 1579 1220 Videbunt
1605 1194 1631 1220 iu
1659 1202 1735 1228 quem

948 1240 1137 1274 transﬁxeruut
1151 1239 1191 1273 ”;
1218 1239 1271 1266 nisi
1291 1240 1383 1266 carnis
1404 1244 1501 1266 natura
1520 1260 1527 1272 ,
1557 1247 1618 1274 qua:
1644 1239 1736 1266 clavos

947 1287 1077 1321 suscepit,
1093 1291 1185 1321 aperte
1197 1285 1332 1314 foramina
1347 1285 1535 1313 demonstret?
1552 1284 1644 1320 Neque
1659 1285 1733 1312 enim

947 1334 1096 1362 divinitatis
1111 1334 1241 1366 essentia,
1262 1341 1323 1368 quae
1340 1340 1390 1360 nec
1405 1333 1513 1360 videtur
1538 1340 1589 1360 nec
1603 1333 1733 1367 tangitur.

946 1379 1060 1416 vestigia
1089 1379 1232 1406 vulnerum
1262 1379 1289 1405 in
1317 1379 1506 1406 testimonium
1534 1383 1576 1406 est
1603 1379 1735 1408 allatura:

947 1425 994 1454 sed
1010 1429 1106 1452 natura
1120 1432 1153 1451 ex
1179 1423 1283 1459 patibili
1312 1431 1411 1457 genere
1431 1427 1568 1458 suscepta,
1587 1424 1734 1458 impiorum

947 1472 1036 1501 scelus
1067 1471 1229 1506 redarguet,
1265 1471 1311 1506 qui
1338 1475 1467 1505 cogentur
1493 1470 1603 1505 propria
1633 1470 1735 1505 ﬂagitia

108 1524 224 1548 xerunt:
241 1519 293 1547 Hic
303 1519 381 1547 Jews
393 1521 438 1555 qui
455 1525 606 1554 assumptus
620 1525 659 1547 est
670 1529 686 1547 a
703 1521 783 1553 vobis,
801 1521 838 1548 sic
853 1529 895 1548 ve-
908 1522 930 1551 C.
947 1525 1097 1554 agnoscere
1112 1518 1139 1544 in
1163 1525 1245 1545 carne
1265 1524 1345 1552 quam
1364 1518 1563 1543 vulnerarunt:
1580 1516 1620 1543 sic
1635 1521 1662 1542 et
1684 1523 1734 1542 na-

108 1567 160 1593 niet
174 1566 392 1601 quemadmodum
409 1567 512 1594 vidistis
525 1575 584 1593 eum
601 1567 782 1593 ascendentem
796 1567 825 1593 in
844 1575 894 1593 cae-

107 1613 163 1639 lum
175 1612 218 1638 "i
247 1612 345 1640 Omnia
374 1613 408 1640 ad
437 1620 547 1640 carnem
578 1612 784 1648 signiﬁcandam
813 1612 894 1647 plane

108 1662 242 1693 spectant.
260 1657 338 1690 Illud,
353 1659 396 1684 hic
417 1658 510 1690 veniet,
534 1657 605 1684 sicut
632 1657 659 1684 in
674 1665 801 1692 corpore,
819 1664 893 1683 nunc

108 1703 216 1738 quidem
230 1704 284 1738 hic,
301 1712 374 1731 nunc
386 1708 476 1731 autem
505 1703 560 1730 illic
586 1708 747 1738 perspecto;
764 1703 893 1738 quemad—

948 1567 1071 1589 turarum
1086 1562 1263 1596 proprietates
1277 1569 1331 1588 non
1344 1568 1404 1589 esse
1417 1561 1539 1588 sublatas
1554 1569 1562 1593 ',
1578 1565 1605 1588 et
1630 1565 1734 1588 certum

948 1608 1075 1634 humana:
1087 1607 1179 1634 carnis
1194 1611 1342 1642 assumpta:
1357 1607 1474 1640 lucrum,
1489 1612 1515 1634 et
1531 1606 1675 1641 impudens
1687 1605 1735 1633 ad—

948 1653 1116 1681 versantium
1141 1658 1344 1688 argumentum,
1370 1657 1397 1681 et
1413 1654 1468 1680 vim
1479 1652 1603 1680 veritatis
1621 1653 1736 1686 inexpua

950 1700 1084 1738 gnahilem
1099 1699 1358 1727 demonstravimus.

143 1798 165 1814 θ’
181 1797 260 1825 Joan.
277 1807 296 1830 I,
314 1798 358 1826 id.
397 1799 420 1814 ³³
436 1799 495 1826 Act.
511 1806 530 1831 ι,
548 1797 590 1826 ιι,
629 1797 640 1812 ⁸
653 1798 713 1826 Act.
736 1805 803 1832 xvu,
816 1797 862 1830 50,
881 1797 926 1825 51.
964 1798 986 1812 ’⁵
1003 1796 1082 1825 Joan.
1104 1796 1217 1829 xu,57.

116 1895 1386 1907 ________________________.________—.

760 1981 1071 2027 MONITUM.

894 2090 930 2098 -α-ι

147 2153 251 2188 ιοιθ
264 2152 326 2180 Htec
337 2154 399 2188 fidei
412 2152 546 2190 Confessio
578 2155 711 2188 exscripta
726 2154 776 2189 fuit
792 2163 805 2181 e
818 2155 907 2181 codice
929 2154 1058 2181 Vaticano
1093 2162 1154 2180 num
1176 2153 1256 2186 i431,
1271 2153 1479 2185 membranaceo,
1504 2153 1609 2187 optimm
1623 2155 1695 2178 notw‘
1708 2156 1734 2178 et

105 2199 271 2234 perantiquo,
283 2201 311 2225 in
321 2207 371 2234 quo
382 2203 485 2227 exstant
496 2200 591 2235 Cyrilli
604 2208 691 2235 opera,
708 2201 824 2234 interque
836 2191 885 2226 illa
899 2207 960 2234 pag.
973 2199 1008 2226 2i
1022 2203 1154 2234 comparet
1170 2199 1308 2226 Athanasii
1329 2199 1433 2225 nomine
1447 2207 1554 2234 sequens
1565 2198 1732 2233 opusculum.

105 2233 218 2273 initium
228 2254 306 2281 porro
321 2233 427 2280 hujusce
439 2246 465 2272 id
480 2233 565 2279 ipsum
579 2233 626 2275 est,
641 2244 710 2279 quod
723 2244 771 2270 illa
782 2233 844 2278 ﬁdei
857 2233 972 2278 formula
987 2244 1020 2270 ad
1036 2243 1181 2270 Iovianum
1197 2244 1346 2278 Augustum
1361 2243 1453 2273 missa,
1468 2233 1639 2277 superiusque
1655 2251 1730 2268 casa.
1758 2233 1765 2238 ί

105 2293 140 2320 In
155 2292 368 2328 subsequentibus
379 2297 465 2319 autem
477 2292 576 2327 liquido
587 2292 769 2326 expenduntur
780 2291 898 2326 Symboli
912 2293 981 2327 quod
997 2297 1104 2318 vocatur
1117 2292 1300 2326 apostolorum
1311 2291 1419 2318 articuli
1431 2299 1440 2317 :
1455 2299 1507 2318 non
1518 2291 1655 2325 indignum
1669 2298 1733 2316 sane

104 2341 259 2376 opusculum
270 2332 473 2374 est'At/tanasio,
489 2341 572 2376 iisque
590 2341 762 2375 compositum
776 2340 879 2367 vocibus
895 2346 920 2368 et
941 2341 1079 2370 clausulis.
1097 2348 1155 2375 quia
1170 2340 1310 2366 Athanasii
1325 2348 1379 2367 ωιιο
1392 2339 1540 2366 obtinebant
1555 2347 1564 2365 :
1580 2346 1661 2373 neque
1679 2338 1732 2364 lere

103 2390 141 2412 est
166 2391 348 2421 argumentum
365 2385 434 2420 quad
453 2385 526 2412 illius
540 2385 626 2412 solum
640 2386 687 2412 wvi
703 2386 875 2418 Arianorum,
890 2385 1201 2417 Pneumatomnchorum,
1218 2386 1470 2420 Apollinaristarum
1493 2393 1593 2411 errores
1615 2384 1731 2410 dilucide

103 2432 145 2459 hic
158 2432 338 2467 repudientur.
353 2431 395 2458 Ex
406 2439 453 2458 usu
462 2439 561 2466 quoque
576 2431 646 2458 vocis
662 2431 809 2463 ὑπόστασις
821 2440 867 2466 pro
884 2432 1034 2459 substantia
1052 2431 1153 2464 Patris,
1166 2432 1271 2459 videtur
1281 2433 1463 2460 asrribendum
1477 2433 1635 2458 Athanasio.
1649 2432 1732 2458 Dant-

103 2482 201 2504 nantur
212 2478 280 2504 enim
292 2477 337 2512 qui
360 2482 454 2511 negant
469 2475 570 2503 Filium
586 2485 640 2503 esse
664 2484 696 2503 ca:
717 2477 807 2502 eadem
827 2478 962 2511 Itypostasi
986 2479 1023 2504 vel
1039 2478 1127 2513 οὐσίᾳ,
1146 2486 1178 2505 ea;
1197 2486 1249 2512 qua
1271 2477 1364 2510 Pater,
1379 2486 1437 2512 qua:
1458 2478 1527 2504 ratio
1539 2476 1660 2512 loquendi
1673 2481 1732 2510 post

102 2522 242 2548 Athanasii
256 2530 339 2548 rerum
354 2520 396 2548 vix
407 2521 594 2554 usurpabatur.
612 2520 705 2546 Exstat
719 2521 781 2547 item
797 2521 852 2547 haec
866 2521 983 2556 Symboli
997 2523 1178 2557 interpretatio
1197 2523 1225 2548 in
1242 2523 1300 2549 cod.
1317 2523 1381 2558 Reg.
1399 2523 1480 2556 250%,
1495 2523 1522 2548 in
1542 2523 1633 2549 charta
1648 2529 1730 2557 papy-

101 2575 180 2596 raceu
197 2566 300 2603 vulgari
316 2567 445 2602 descripto
461 2577 529 2596 anno
548 2568 625 2602 1562,
638 2568 712 2603 cujus
724 2568 847 2597 lectiones
858 2570 1026 2597 adnotamus.
1043 2570 1075 2598 Et
1092 2571 1186 2606 ubique
1203 2572 1348 2598 ascribitur
1366 2571 1522 2598 Athanasio.

890 2675 927 2688 hil
